4950 6434
405 447 455 500 808
757 441 789 497 1².
816 439 927 497 OVID!
947 440 1119 497 NASONIS
1138 437 1511 498 Mernnonffloseon
1530 440 1604 493 ΗΒ.
1629 439 1664 492 ΙΙ

405 625 456 663 nec
467 608 520 663 tibi
530 605 637 678 quedru
690 625 720 662 es
730 607 864 662 animosos
875 605 984 675 ignibus
995 607 1058 670 illis,
1154 609 1187 673 84
1209 609 1212 640 ¹
1237 607 1343 662 interes
1354 607 1478 660 uolucres
1490 605 1585 673 Pyrois
1597 609 1626 657 et
1637 604 1712 657 Eous
1723 607 1751 655 et
1764 599 1883 678 lethes,

406 691 476 751 quos
486 675 515 728 in
527 682 634 742 pectore
681 672 755 736 berit,
768 689 836 752 quos
847 689 892 726 cre
903 672 1055 749 etlnaribns
1066 672 1171 750 elidant,
1237 673 1309 726 Solis
1354 673 1393 748 ui,
1405 669 1705 750 qnertusqnel’hlegcn
1717 665 1871 720 hinnitibus
1881 679 1965 717 eures

406 737 1187 878 nrmmmmbm
1237 689 1958 870 {cicumeuntes-uum
1971 738 2016 794 ¹⁵⁵

406 874 439 922 st
449 875 491 932 tu,
504 867 608 922 funesti
619 842 654 922 ne
664 869 715 920 siin
727 819 777 920 tiblr
789 883 908 920 muneris
918 871 1022 928 auctor,
1238 819 1369 935 reppulit
1381 873 1410 920 et
1420 866 1496 918 lecte
1506 871 1548 918 est
1559 837 1675 917 iii’mensi
1685 861 1764 928 copia
1774 859 1853 921 eseli,

407 940 482 998 nete,
495 949 572 994 cene,
585 933 652 986 dum
663 949 758 1000 resque
769 932 843 992 sinit,
857 937 907 982 tue
917 930 1019 997 corrige
1030 935 1106 984 note.
1238 932 1391 1000 corripuere
1402 931 1477 984 niani
1488 929 1658 998 pedibusque
1670 942 1718 994 per
1728 941 1793 978 aera
1803 923 1887 976 motis

407 997 512 1052 scilicet
523 1005 556 1050 nt
567 1003 660 1050 nostro
668 997 794 1074 genitum
806 1001 833 1048 te
844 995 977 1062 sunguine
985 995 1088 1057 credes,
1155 1009 1190 1060 90
1239 997 1383 1050 obstantes
1394 995 1522 1049 scindunt
1533 993 1648 1047 nebulas
1658 991 1809 1061 pennisque
1820 986 1908 1042 leuem

408 1064 522 1130 pigriore
532 1068 607 1114 certe
619 1067 709 1128 petis!
725 1061 760 1112 do
771 1061 884 1126 pignora
895 1065 971 1112 certe
984 1059 1107 1112 timendo
1239 1067 1414 1130 praetereunt
1425 1065 1498 1114 ortos
1507 1060 1593 1112 isdem
1605 1058 1639 1110 de
1650 1055 1774 1126 peitibus
1786 1054 1881 1106 Euros.
1971 1053 2018 1102 ιόο

406 1134 437 1180 st
448 1127 538 1195 petrio
549 1133 626 1193 peter
637 1141 696 1178 esse
707 1131 783 1177 metu
794 1123 897 1190 probor.
926 1123 1036 1190 sdspice
1047 1124 1145 1176 uultus
1239 1125 1288 1178 sed
1298 1126 1361 1179 lene
1371 1126 1477 1202 pondus
1488 1130 1555 1187 eret,
1568 1139 1619 1177 uec
1628 1121 1702 1191 quod
1713 1132 1873 1186 cognoscere
1884 1120 1995 1185 possent

408 1207 471 1268 ecce
482 1206 556 1243 meos
567 1209 574 1251 ;
591 1189 752 1266 utinamque
762 1187 854 1240 oculos
865 1188 893 1240 iii
905 1195 1014 1255 pectore
1025 1203 1117 1256 posses
1240 1190 1311 1244 Solis
1322 1205 1396 1259 eqni,
1408 1190 1544 1257 solitisque
1554 1189 1648 1256 iugum
1661 1184 1800 1254 grauitate
1810 1180 1941 1243 cerebst;

408 1271 527 1308 inserere
538 1261 568 1307 st
577 1261 682 1330 petrinis
692 1260 768 1306 intus
778 1251 942 1320 deprendere
952 1268 1039 1305 cures.
1240 1261 1326 1324 utque
1337 1255 1434 1308 iubent
1443 1270 1544 1307 curuae
1554 1253 1628 1306 iusto
1638 1252 1697 1305 sine
1708 1249 1828 1318 pondere
1838 1261 1925 1299 naues

407 1319 527 1388 deniqne
537 1317 667 1387 quecquid
678 1318 762 1371 lisbet
772 1318 858 1380 diues,
871 1317 1055 1385 circumspice,
1068 1316 1190 1371 mundus
1240 1336 1342 1388 perque
1352 1335 1428 1372 mere
1438 1319 1581 1372 instabiles
1591 1317 1677 1370 nimie
1688 1315 1804 1368 lenitate
1814 1312 1950 1373 teruntur,

408 1401 479 1453 eque
490 1389 534 1438 tot
544 1399 577 1436 ec
588 1383 676 1436 tentis
687 1383 757 1436 coeli
767 1389 910 1450 terraeque
921 1383 1058 1450 murisque
1156 1385 1190 1448 96
1240 1384 1279 1437 sic
1290 1400 1373 1438 onere
1383 1384 1499 1436 adsueto
1509 1398 1614 1436 uacuus
1625 1382 1675 1434 det
1685 1381 1714 1432 iii
1725 1394 1791 1432 eere
1800 1376 1891 1430 celtus
1971 1377 2017 1440 ¹⁶5

408 1465 488 1566 posce
499 1448 577 1502 bouis
587 1447 693 1516 sliquid
704 1467 712 1510 ς
728 1447 833 1500 nnllam
844 1447 949 1524 petiere
957 1446 1104 1514 repulsein.
1212 1401 1216 1512 Ι
1239 1449 1447 1565 succutituppne
1458 1447 1515 1501 alte
1525 1447 1676 1514 similisque
1686 1451 1730 1522 est
1740 1457 1836 1496 currus
1847 1439 1932 1516 inani.

409 1511 1187 1674 rumuli,sensumsensurn,
1240 1505 2009 1655 {rnre„nmuouu‘srtuusnmu

408 1641 1099 1784 intruenlstiemmrrmnrs
1144 1655 1191 1693 ¹⁰⁰
1212 1651 1217 1686 ¹
1240 1636 1949 1782 ienrnrueumemteunrm.
1972 1710 2019 1761 ,⁷0

427 1773 602 1852 npdcninque
610 1778 714 1848 opteris
725 1791 732 1832 ς
743 1770 796 1848 ραι
807 1775 840 1823 tu
851 1775 1002 1846 sepientius
1012 1769 1097 1837 opte'
1240 1779 1301 1824 tum
1313 1787 1430 1848 primuni
1442 1770 1527 1823 redde
1538 1769 1622 1836 gelidi
1632 1768 1740 1822 caluere
1751 1767 1866 1844 Triones
1886 1829 1893 1842 ⁸

408 1791 518 1892 znieret
529 1841 659 1890 monitus.
685 1835 765 1912 dictis
777 1841 870 1886 temen
882 1833 929 1886 ille
941 1839 1076 1910 repugnet
1240 1843 1269 1889 et
1280 1841 1369 1888 uetito
1380 1836 1483 1888 imstre
1494 1839 1666 1902 temptarunt
1676 1847 1793 1899 aequore
1804 1837 1914 1898 tinguit

408 1902 632 1978 propositumque
644 1905 741 1976 premit
752 1899 904 1966 degretque
916 1897 1043 1966 cupidine
1054 1914 1156 1951 currus.
1239 1899 1439 2016 pueequepolo
1450 1900 1539 1976 ppsite
1550 1905 1592 1951 est
1602 1897 1712 1974 glscieli
1721 1895 1847 2012 ppoxime
1858 1895 1983 1962 Serpens,

407 1961 948 2107 tnrttltdlntiinllsitti
955 1962 1065 2079 tm,
1144 1975 1188 2029 ¹⁰⁵
1239 1959 1868 2102 rlnnrtnnntttlnlltlntdlu
1973 2033 2018 2087 ης

407 2111 509 2149 eureus
520 2109 582 2146 exis
593 2101 660 2154 eret,
674 2099 747 2168 temo
758 2107 866 2154 eureus,
879 2107 963 2144 sures
974 2107 1098 2144 enmmee
1241 2101 1269 2148 te
1280 2109 1388 2172 qnoque
1398 2094 1541 2146 turbatum
1552 2095 1704 2144 memorent
1714 2090 1826 2157 iugisse,
1839 2088 1949 2146 Bootes,

407 2165 557 2213 cnmeturs
568 2163 652 2216 rotat.
665 2157 801 2210 radiorum
813 2163 958 2223 ”genitus
969 2155 1034 2208 ordo
1045 2175 1052 2218 t
1240 2175 1368 2226 quemme
1379 2157 1474 2211 tsrdns
1485 2174 1544 2210 eres
1555 2164 1584 2210 et
1595 2163 1624 2209 te
1635 2163 1684 2208 tue
1695 2155 1819 2223 plenstre
1829 2151 1971 2206 tenebunt.

407 2220 1192 2343 fflss‘l'lulllllmttlttttlln‘mmtw
1241 2220 1921 2340 liuntur‘lul-illelmi&

407 2303 575 2432 ἀιιιιιιιῖιέρὲι
584 2352 774 2430 megpeniiuns
786 2349 927 2428 Phsetliop
939 2325 1056 2402 miratur
1067 2365 1191 2417 opusque
1241 2304 1349 2420 ppppirp,
1362 2303 1494 2428 etzeiibi‘lb
1504 2299 1885 2420 gpgblueminpterglnlizqrgbiniore,
1923 2319 1930 2343 ⁸
1972 2345 2019 2396 180

408 2423 546 2488 perspicit,
558 2433 621 2470 ecce
632 2416 700 2480 uigil
711 2415 799 2469 nitido
809 2415 940 2483 psteiecit
950 2415 987 2467 ab
998 2421 1060 2467 ortu
1241 2425 1361 2484 suntque
1372 2417 1458 2469 oculis
1469 2417 1597 2470 tenebree
1609 2431 1657 2483 per
1667 2421 1777 2466 tantum
1790 2411 1883 2464 lumen
1895 2409 2014 2462 obcitee.

408 2499 560 2552 purpureus
572 2484 680 2558 Aurora
690 2482 761 2532 iores
772 2485 801 2534 et
812 2480 893 2548 plene
903 2495 1025 2556 roseium
1241 2491 1269 2534 et
1279 2483 1335 2534 iani
1347 2481 1443 2534 mellet
1453 2497 1537 2549 equos
1548 2495 1696 2548 nuniqneni
1708 2477 1833 2544 tetigisse
1845 2483 1984 2543 quternos,

408 2549 489 2601 stris.
524 2547 674 2614 diffugiunt
685 2545 789 2607 stelles,
802 2560 919 2612 querum
929 2559 1042 2612 sgniina
1052 2543 1125 2612 cogit
1215 2597 1217 2602 ,
1240 2548 1296 2599 iem
1308 2563 1436 2613 cognosse
1481 2562 1532 2598 rins
1543 2547 1617 2613 piget
1629 2552 1658 2596 et
1668 2543 1788 2595 ualuisse
1799 2539 1936 2608 rogando;

409 2612 519 2666 Luciier
529 2615 558 2665 et
569 2611 638 2664 ceeli
648 2610 766 2664 stelione
777 2610 941 2662 nouissimus
951 2609 1018 2662 exit
1145 2622 1170 2682 .¹¹
1176 2621 1190 2675 5
1240 2612 1297 2664 iem
1309 2611 1428 2678 Meropis
1458 2611 1492 2662 ici
1503 2611 1615 2677 cupiens
1626 2610 1667 2662 ite
1677 2609 1773 2668 iertnr,
1786 2611 1819 2658 ut
1830 2610 1894 2658 acte

408 2693 491 2746 quem
503 2681 594 2745 petere
604 2681 637 2728 ut
647 2681 734 2728 terres
745 2673 931 2742 mundumque
942 2673 1082 2726 rubescere
1093 2672 1166 2725 uidit
1260 2675 1384 2744 reecipiti
1395 2675 1476 2742 pinne
1490 2675 1583 2737 Borea,
1596 2673 1640 2727 cni
1652 2673 1728 2724 nicte
1738 2669 1844 2724 remisit
1893 2733 1900 2746 .
1972 2666 2001 2720 18
2004 2679 2017 2734 5

408 2755 564 2820 comesque
575 2747 714 2817 extremes
724 2738 806 2816 uelut·
813 2754 973 2815 euenescere
984 2737 1075 2816 lunee,
1242 2693 1320 2818 frene
1330 2756 1397 2818 suns
1408 2747 1503 2799 rector,
1516 2755 1599 2806 quani
1610 2738 1653 2814 dis
1664 2737 1791 2804 notisque
1802 2733 1922 2812 reliquit.

408 2802 1132 2948 {mumulini-illumillum
1241 2798 1950 2936 illinisti?minitantium

409 2935 562 2989 embroette
573 2949 639 2986 8οω
649 2939 764 2992 tuturos.
777 2931 951 3000 praesepibus
961 2931 1026 2985 eltis
1144 2945 1191 2984 120
1241 2941 1270 2988 et
1281 2935 1370 2995 modo,
1383 2950 1451 3001 quoe
1462 2933 1504 2986 illi
1515 2933 1605 2986 iatum
1616 2931 1772 2998 contingere
1784 2945 1839 2982 non
1850 2933 1902 2990 cst,

408 2997 599 3068 qnsdmpedes
610 2998 715 3076 ducunt
726 2996 886 3072 eddnntque
897 2997 1024 3074 ponentis
1034 2996 1120 3050 irene.
1241 3015 1302 3068 pros
1321 2999 1370 3052 icit
1381 3014 1501 3060 oocesus,
1513 2997 1651 3050 interdum
1661 2995 1773 3064 respicit
1783 2998 1860 3046 crtus
1871 3011 1879 3053 ς
1947 3053 1955 3068 0
1972 3002 2019 3064 19⁰

408 3071 469 3118 tuin
481 3071 559 3132 peter
569 3079 617 3116 ore
627 3078 671 3115 sni
681 3077 757 3115 secro
768 3061 945 3138 medicamine
956 3067 1017 3114 neti
1241 3016 1363 3132 quidque
1373 3069 1447 3131 egat,
1460 3063 1572 3130 ignerus
1583 3067 1684 3130 stupet,
1698 3067 1726 3114 et
1737 3075 1787 3112 nec
1798 3058 1877 3112 irene
1888 3058 2007 3109 remittit

408 3129 527 3196 contigit
536 3133 566 3181 et
576 3127 687 3196 repidse
697 3126 762 3180 iecit
773 3127 907 3194 petieritis
918 3125 1052 3189 flemmse,
1241 3145 1291 3182 nec
1302 3129 1418 3182 retinere
1429 3127 1514 3190 ualet,
1527 3143 1577 3180 nec
1588 3126 1698 3180 nomina
1709 3125 1788 3177 nouit
1798 3137 1939 3191 equorum.

408 3194 584 3262 inposuitque
595 3207 688 3244 comes
699 3191 797 3252 radios,
811 3207 994 3266 preesegeqne
1007 3190 1099 3244 luctus
1213 3251 1216 3260 ¹
1240 3209 1335 3261 sparse
1345 3209 1454 3262 quoque
1465 3193 1493 3244 in
1504 3192 1581 3245 uerio
1592 3191 1692 3270 passim
1704 3187 1838 3243 miracula
1848 3185 1926 3240 caelo

408 3265 517 3336 pectore
527 3257 646 3334 sollicito
656 3255 907 3332 repetensuspspina
918 3254 1007 3308 dixit:
1046 3320 1052 3332 Ι
1143 3267 1188 3322 125
1240 3264 1437 3336 nautarumque
1447 3257 1524 3311 uidet
1534 3257 1656 3325 trepidus
1667 3255 1815 3308 simulacra
1825 3252 1953 3305 iererum.

411 3329 452 3375 ‘si
465 3327 543 3391 potes
555 3322 598 3374 liis
609 3321 707 3373 saltem
719 3325 830 3372 monitis
841 3335 935 3386 perere
946 3324 1077 3386 parentis,
1241 3329 1283 3375 est
1294 3323 1378 3385 locus,
1390 3337 1419 3375 in
1432 3323 1554 3390 geminos
1565 3322 1612 3374 nbi
1625 3320 1750 3374 brecchie
1761 3322 1896 3372 conceuet
1906 3329 1985 3368 arcus

409 3403 499 3455 perce,
512 3403 588 3454 puer,
601 3384 720 3438 stimulis
731 3391 760 3438 et
770 3385 868 3437 iortins
879 3390 957 3462 utere
967 3383 1032 3436 loris
1042 3405 1048 3437 ι
1211 3385 1215 3462 Ι
1241 3388 1364 3464 Scorpios
1375 3393 1405 3440 et
1414 3387 1503 3440 cende
1513 3387 1644 3454 flexisque
1655 3385 1794 3452 utrimque
1805 3380 1916 3436 lecertis
1972 3379 2019 3443 196

409 3457 507 3530 sponte
515 3467 570 3530 sna
581 3454 744 3518 properante
760 3449 837 3525 lebpr
847 3455 890 3525 est
900 3448 1023 3501 inhibere
1036 3449 1167 3501 nolentes
1211 3471 1214 3491 a
1276 3452 1353 3520 rrigit
1363 3453 1392 3505 iii
1403 3452 1523 3520 spetlum
1534 3452 1671 3519 signorum
1684 3449 1806 3502 membre
1817 3447 1942 3500 duorum.

410 3533 459 3570 nec
470 3517 523 3594 tibi
534 3516 657 3593 dereptus
669 3513 776 3582 pleceet
787 3529 834 3566 nia
844 3528 965 3590 quinque
986 3579 992 3592 ι
1011 3530 1025 3564 ι
1036 3529 1132 3567 ersus:
1240 3469 1314 3569 Nino
1325 3533 1392 3584 puer
1402 3522 1435 3569 nt
1447 3517 1516 3584 nigri
1527 3516 1668 3568 medidnm
1679 3515 1776 3567 sudore
1787 3511 1889 3566 ueneni

409 3587 502 3634 sectus
513 3597 542 3633 in
553 3579 671 3632 oblicum
683 3583 726 3631 est
736 3578 794 3631 leto
804 3593 962 3631 curnemme
984 3593 1061 3641 imes,
1141 3592 1188 3646 130
1240 3581 1357 3634 uulnera
1367 3587 1482 3634 curnete
1492 3581 1666 3633 minitentem
1676 3579 1788 3647 cuspide
1799 3577 1880 3639 uidit,

410 3661 595 3712 zonarumque
606 3645 696 3721 triuni·
701 3648 845 3696 contentus
857 3643 910 3696 fine
920 3643 1068 3720 polumque
1240 3647 1342 3700 mentis
1353 3647 1430 3714 inops
1441 3645 1533 3713 gelide
1542 3645 1686 3697 ionnidine
1697 3643 1755 3696 lore
1766 3641 1879 3696 remisit
1971 3653 2020 3692 200

409 3711 508 3776 elingit
519 3709 677 3762 Austrelem
688 3717 864 3774 iunctumque
875 3707 1060 3775 Aquilonibus
1073 3709 1184 3762 Arcton.
1241 3727 1312 3779 qnae
1324 3717 1468 3779 postquem
1479 3726 1584 3763 summo
1594 3710 1709 3788 tetigere
1721 3707 1841 3761 incentis
1851 3711 1937 3772 tergo,

410 3775 463 3828 lieo
473 3775 511 3826 sit
522 3775 575 3827 iter
586 3793 593 3835 t
610 3773 758 3826 iueniieste
768 3779 844 3825 rotee
855 3772 974 3839 uestigie
985 3789 1086 3826 cernes
1242 3777 1433 3843 exspatientur
1443 3775 1506 3842 eqni
1517 3774 1647 3842 nulloque
1658 3773 1799 3826 mhibents
1810 3787 1858 3840 per
1868 3785 1951 3823 auras

410 3845 497 3907 utque
508 3838 599 3892 ierant
610 3853 712 3906 ecquos
722 3842 751 3890 et
761 3837 867 3914 osclum
879 3843 907 3889 et
918 3843 991 3889 terra
1002 3837 1114 3899 celotes,
1241 3842 1352 3908 ignotus
1362 3839 1479 3907 regionis
1491 3845 1566 3900 eunt,
1579 3854 1687 3907 queque
1697 3837 1807 3905 inpetus
1818 3836 1884 3904 egit,

411 3920 461 3980 uec
472 3919 572 3970 preme,
581 3918 631 3955 nec
642 3918 779 3978 summum
787 3901 881 3954 molire
891 3917 939 3968 per
948 3902 1061 3978 aethera
1069 3919 1185 3955 cumini.
1242 3906 1294 3958 hec
1305 3906 1365 3958 sine
1376 3904 1436 3971 lege
1447 3909 1531 3956 ruunt
1541 3903 1652 3972 altoque
1663 3902 1715 3954 sub
1725 3902 1836 3955 cethem
1847 3899 1910 3952 fixis

410 3968 497 4084 ulpius
507 3967 772 4084 egppssnspseffistiip
781 3971 857 4082 tpcte
867 3966 1008 4082 crempbis
1144 3969 1190 4033 136
1242 3970 1385 4087 incurppnt
1395 3969 1483 4022 stellis
1494 3969 1659 4036 repinntqne
1670 3983 1717 4035 per
1727 3968 1794 4084 sutile
1804 3981 1921 4084 clprruni.
1970 3975 2018 4028 205

411 4045 941 4174 exemenonem
954 4047 1089 4163 nan,
1242 4033 1995 4176 {mteuerrtrtmsrimnruu

412 4177 482 4215 neue
493 4169 646 4214 sinisterior
656 4175 775 4226 pressam
786 4165 847 4211 rote
857 4159 941 4212 ducet
952 4160 987 4211 ad
999 4163 1083 4212 Aram
1095 4179 1102 4220 t
1241 4164 1409 4232 inferiusque
1419 4164 1477 4216 suis
1487 4163 1620 4216 iretemos
1631 4177 1736 4216 currere
1748 4161 1828 4214 Luna

411 4228 485 4280 inter
494 4233 643 4292 utrumqne
655 4233 724 4301 tene
763 4225 897 4276 Fortnnee
909 4228 999 4277 cetere
1010 4225 1119 4286 inundo,
1144 4241 1190 4289 ¹40
1241 4228 1394 4280 admiretur
1404 4244 1504 4296 equos:
1521 4228 1703 4295 embnsteqne
1714 4225 1811 4278 nubile
1821 4225 1949 4284 tumente

432 4307 484 4344 nee
496 4291 574 4343 iuuet
585 4296 614 4343 et
625 4289 730 4366 melius,
743 4305 826 4366 quem
838 4293 873 4368 tn·
880 4288 941 4364 tibi,
954 4289 1080 4342 consulet
1091 4295 1164 4358 opto.
1212 4291 1217 4372 l
1241 4293 1386 4359 corripitur
1396 4291 1521 4354 fluminis,
1531 4299 1565 4345 ut
1575 4307 1700 4360 quecqne
1711 4289 1856 4352 eltissima,
1865 4288 1957 4351 tellus,
1971 4301 2020 4339 210

432 4372 479 4408 uin
491 4355 596 4422 loquor,
610 4354 741 4420 Hesperio
753 4358 854 4421 positus
865 4369 893 4405 iii
905 4352 985 4405 litore
995 4358 1084 4406 metes
1241 4358 1258 4408 li
1324 4373 1360 4409 ue
1370 4357 1429 4424 egit
1439 4357 1521 4409 rimas
1532 4362 1560 4409 et
1570 4357 1643 4408 sucis
1654 4361 1713 4408 eret
1722 4354 1868 4422 edemptis.

413 4419 509 4474 umida
520 4436 575 4472 nox
586 4419 686 4484 tetigit
723 4423 917 4470 noneetmors
927 4416 1120 4482 liberenobis3
1213 4373 1344 4522 'pala
1354 4426 1509 4482 canescunt,
1523 4437 1584 4473 cnm
1595 4420 1737 4473 frondibus
1748 4419 1837 4472 uritur
1846 4418 1936 4481 arbor,

413 4485 549 4546 poscimur
560 4505 567 4546 t
583 4481 702 4550 ecinlget
713 4481 831 4536 tenebris
843 4484 950 4534 Aurore
960 4483 1071 4549 ingetis.
1242 4485 1438 4553 materiemque
1450 4501 1500 4538 suo
1511 4486 1621 4553 preebet
1632 4501 1709 4553 seges
1719 4483 1799 4537 aride
1809 4483 1918 4536 demno.

412 4551 518 4628 corripe
528 4549 586 4602 lore
597 4564 698 4626 manne
714 4547 767 4607 nel,
780 4547 804 4598 si
813 4545 947 4624 mutabile
958 4551 1056 4624 pectus
1143 4561 1188 4615 145
1242 4567 1328 4618 perne
1335 4566 1448 4618 quercu
1462 4566 1577 4618 magnae
1584 4554 1697 4617 percunt
1705 4564 1766 4601 cuni
1777 4548 1919 4600 moenibus
1927 4547 2018 4608 nrbes,

414 4615 529 4672 esttibi.
542 4613 673 4690 consiliis,
686 4629 739 4690 pon
751 4611 872 4688 cnmbus
883 4617 960 4688 utere
971 4617 1081 4675 nostris,
1242 4631 1359 4693 cumque
1370 4615 1427 4667 suis
1439 4620 1511 4667 tutes
1523 4614 1628 4691 populis
1640 4613 1766 4667 incendia
1776 4618 1864 4690 terres
1970 4623 2018 4677 215

413 4675 1186 4809 ‘¹⁰¹³¹’⁰“⁸⁰i·3l¹lttttlrll⁰⁹tllt⁸dltltin
1242 4684 1532 4797 illinitum·
1567 4676 2008 4797 nippnffionffirpe

413 4745 619 4886 paupeqplptppese
651 4813 706 4884 tes,
715 4807 774 4858 sine
785 4822 828 4884 me
839 4757 904 4858 deig
915 4805 1022 4858 lumine
1033 4807 1132 4860 terrin’
1242 4814 1272 4886 et
1282 4815 1343 4886 tum
1354 4761 1434 4872 sige,
1466 4759 1839 4886 rffirlssberrilifffonnbul:
1850 4759 1900 4860 lde

412 4870 1191 5071 {ipsi:lpfffnditrltllttnmttttluelit
1215 4952 1219 5054 p
1242 4871 2021 5004 mttnilrnffitlttlllnlnnttlffllt

488 5007 517 5055 et
527 5005 556 5054 et
566 5005 655 5053 inuito
665 5004 757 5067 gretes
767 4999 826 5067 egit
837 4999 901 5052 inde
912 4999 1027 5067 percuti.
1243 5002 1432 5069 Parnasusque
1443 5002 1534 5069 biceps
1545 5007 1573 5055 et
1584 5003 1659 5070 Eryx
1670 5006 1699 5055 et
1711 5001 1838 5069 Cynthus
1848 5006 1877 5055 et
1889 4999 1992 5070 Othrys

472 5141 878 5202 IletpeotorsANmestorslilt.
895 5145 939 5190 108
950 5147 1104 5195 uolonum.
1123 5148 1432 5208 lutosuschiumedeep.
1443 5149 1495 5196 tui.
1512 5148 1718 5206 utliiemld'in
1730 5142 2022 5204 asumptum&

412 5203 439 5249 ln
449 5201 553 5274 reem,
566 5216 636 5262 quem
649 5203 759 5259 peteris,
775 5207 824 5250 tuni
840 5209 910 5273 poter
925 5205 949 5250 N
963 5205 990 5252 in
1004 5219 1051 5253 ree.
1069 5206 1093 5261 l,
1106 5221 1167 5253 corr.
1185 5207 1262 5254 Merit.
1295 5209 1339 5253 ite
1350 5210 1462 5266 perenis
1478 5209 1557 5265 codd,
1572 5210 1682 5266 paternis
1698 5207 1784 5252 Heius.
1816 5205 1862 5250 its
1876 5203 1981 5250 edesius
1996 5202 2022 5248 A

413 5261 509 5318 Hm·
525 5262 637 5332 00100898
652 5261 678 5308 ll
692 5260 758 5318 nulg.
798 5262 842 5306 110
856 5263 959 5310 climaci
973 5263 1050 5322 uulg,
1070 5265 1174 5312 dommi
1191 5267 1215 5312 A
1235 5266 1370 5313 Housmen.
1408 5267 1453 5311 180
1467 5268 1568 5314 oblicum
1585 5265 1602 5311 λ
1618 5271 1644 5314 et
1662 5265 1727 5313 stibi
1766 5264 1811 5308 188
1827 5275 1927 5310 cirrium
1940 5259 2019 5308 lierlr.

412 5321 459 5366 its
467 5320 561 5378 effulget
572 5319 667 5374 Herm,
678 5325 701 5367 ct
711 5319 791 5377 fulget
807 5319 875 5390 codd.
887 5320 952 5368 uude
967 5322 1068 5380 msutoct
1078 5323 1215 5370 Housmsn.
1247 5325 1293 5369 180
1307 5326 1415 5372 §numdi
1429 5326 1455 5372 Μ
1466 5327 1492 5372 iii
1501 5340 1548 5374 ree
1561 5325 1615 5381 Nl,
1624 5324 1738 5372 iuuenali
1748 5322 1806 5370 ΑΡ.
1837 5322 1883 5367 188
1893 5326 1915 5367 st
1924 5333 1981 5366 esce
1990 5319 2018 5370 P.

412 5393 525 5427 mutum.
538 5377 691 5436 alisna,
703 5393 762 5426 corr.
775 5379 860 5426 Heius.
891 5381 1006 5428 measti·
1020 5381 1087 5438 MN,
1099 5380 1253 5429 mundis),
1285 5384 1330 5428 188
1341 5385 1510 5431 nucuurMeii
1524 5399 1593 5441 curn,
1605 5382 1841 5431 nomochxoorr.
1854 5378 1944 5427 MAN.
1975 5378 2022 5422 ire

412 5439 519 5496 disponit
529 5438 627 5485 lechin.
638 5437 731 5496 Haupt.
762 5439 807 5482 188
816 5440 833 5484 ι’.
849 5452 924 5495 penas
938 5442 1046 5494 opocen
1056 5440 1086 5494 A,
1098 5440 1164 5486 nude
1175 5442 1192 5486 ι’.
1203 5456 1226 5497 ρ.
1239 5443 1337 5498 upnosrr'
1348 5443 1415 5489 illlis.
1447 5445 1491 5488 801
1501 5449 1744 5500 summum-temnet
1754 5440 1779 5488 N
1789 5439 1874 5487 Heius.
1907 5437 2022 5484 sedentia

413 5497 488 5546 Polle.
520 5498 566 5543 811
574 5511 669 5557 quarm.
700 5497 784 5556 loquor
794 5497 824 5544 N.
856 5498 1371 5559 tibtosusbllieseventeeMANnulg.
1399 5502 1695 5562 mipamnmqneexe
