4976 6356
845 443 902 498 AD
922 444 1128 502 LECTOREM
1146 445 1394 503 BENEVOLVM
1412 446 1637 504 PRAEFATIO
1995 447 2046 505 xix

428 612 557 674 librarii.
598 631 673 676 nam
695 612 773 695 quid
794 613 916 676 ‘aerea’
938 613 1004 692 (uel
1027 614 1155 678 ‘mea'
1177 614 1262 697 quod
1282 615 1384 679 inuito
1405 622 1505 680 metro
1525 615 1698 694 indulcant)
1712 615 1900 679 ‘carchesia’
1915 615 1966 678 hic
1985 617 2046 680 sibi

428 705 537 776 nolint,
550 723 644 769 nomo
657 726 809 789 nmquam
822 707 979 789 expediuit
991 727 1046 772 nec
1059 716 1136 790 pute
1149 709 1300 790 expediet.

508 801 690 864 carminum
702 801 936 864 Amatoriorum
946 807 1049 864 textus
1060 802 1168 864 solidis
1178 803 1263 882 typis
1275 802 1473 866 excudendus
1485 803 1658 885 typothetis
1672 802 1811 866 redditus
1823 809 1872 867 est
1884 800 1952 866 ad.
1962 803 2046 866 vm

427 891 499 958 Kal
513 893 585 958 Iun.
599 914 627 958 a
644 895 734 968 1892,
748 895 1038 978 Metamorphoseon
1051 913 1079 958 a
1093 896 1124 958 d.
1138 895 1199 957 XV
1212 895 1285 958 Kal
1299 895 1382 960 Nou.
1395 915 1424 959 a.
1439 896 1530 960 1898.

508 1025 632 1090 Fssros
646 1027 801 1092 recensuit
814 1026 1002 1090 Graaaarrs
1016 1027 1055 1090 A.
1070 1027 1195 1089 Derras
1210 1029 1265 1110 qui
1278 1027 1438 1112 proposita
1452 1027 1573 1090 suabis
1587 1027 1690 1090 uerbis
1704 1026 1880 1092 declareuit.

508 1119 580 1181 “In
593 1120 846 1200 recognoscendis
860 1119 963 1183 Fastis
976 1121 1138 1184 Ouidianis
1151 1125 1246 1184 testes
1259 1123 1448 1186 nominatim
1463 1121 1559 1186 citaui
1573 1122 1689 1185 codices
1702 1121 1767 1186 hos.

506 1210 538 1272 A
579 1211 786 1293 Reginenaem
801 1211 880 1274 1709
893 1214 959 1278 sine
972 1214 1178 1277 Petauianum
1191 1215 1329 1296 primum
1343 1235 1421 1280 saec.
1434 1215 1466 1278 X

507 1303 537 1364 V
577 1304 769 1368 Vaticanum
783 1306 863 1368 3262
877 1307 943 1370 siue
956 1307 1159 1371 Vrsinianum
1173 1329 1249 1372 seeo.
1265 1309 1315 1372 XI

506 1395 544 1458 M
584 1396 892 1463 Mallemtorhensem
905 1420 936 1463 n.
950 1401 970 1462 2
984 1401 1050 1464 siue
1063 1400 1282 1465 Monaceusem
1298 1401 1503 1482 (Bauer-icum
1517 1402 1654 1485 primum
1668 1419 1718 1482 ap.
1733 1400 1940 1483 Merkelium).

507 1489 715 1571 Beglnensem
729 1491 856 1573 quidem
869 1512 962 1574 quem
975 1493 1065 1557 Riese
1075 1494 1180 1558 littera
1187 1495 1217 1557 R
1225 1497 1319 1560 ceteri
1328 1496 1359 1559 A
1369 1496 1555 1576 significant,
1566 1502 1604 1557 ut
1616 1501 1732 1558 ceteros
1743 1501 1898 1575 praestare
1911 1499 2041 1567 constat,

426 1581 472 1644 ita
484 1589 638 1664 quantum
651 1590 760 1648 contra
773 1604 843 1648 eum
857 1585 996 1650 codicum
1010 1585 1196 1650 deteriorum
1207 1588 1376 1651 auotoritas
1386 1588 1490 1650 ualere
1504 1589 1625 1660 debeat,
1635 1588 1727 1668 longe
1740 1588 1822 1650 inter
1833 1589 1966 1651 editores
1979 1590 2040 1650 dis·

425 1679 538 1755 crepat
581 1695 652 1738 cum
672 1677 757 1740 enim
778 1679 988 1760 superioribus
1006 1681 1199 1762 temporibus
1215 1679 1366 1744 Heinsius
1385 1699 1599 1762 quaecumque
1618 1681 1678 1742 sibi
1695 1679 1850 1761 placerent
1862 1681 1945 1743 unde
1958 1681 2042 1742 unde

425 1773 494 1828 orta
516 1767 551 1828 in
572 1775 695 1831 textum
720 1769 887 1844 intulisset,
906 1777 1013 1835 contra
1031 1772 1068 1834 R.
1088 1771 1208 1836 Merkel
1235 1774 1269 1835 in
1291 1773 1427 1836 editione
1449 1775 1552 1856 prima
1573 1773 1721 1835 ‘emmiu'
1743 1773 1846 1852 inquit
1868 1779 1935 1835 ‘est
1957 1771 2040 1835 eius’

428 1859 553 1936 (codicis
563 1859 608 1940 A)
623 1863 809 1926 ‘auctoritas
822 1883 878 1926 nec
890 1865 951 1926 nisi
966 1884 1092 1946 grauem
1106 1864 1147 1927 ob
1159 1885 1284 1928 causam
1298 1864 1488 1930 deserenda·
1524 1867 1578 1948 qui
1589 1873 1695 1928 tamen
1707 1865 1869 1929 lectionem
1882 1867 2042 1928 Vrsiniani

426 1952 492 2016 siue
499 1953 652 2026 Vaticani,
661 1975 754 2037 quem
764 1956 830 2038 ipse
843 1957 1045 2022 audacissime
1058 1957 1279 2040 interpolatum
1291 1977 1358 2022 esse
1372 1959 1499 2030 censuit,
1511 1959 1619 2021 multis
1628 1957 1704 2022 locis
1717 1959 1873 2040 praetulit.
1909 1959 2041 2020 similem

424 2046 510 2107 aiam
521 2045 681 2127 ingressus
693 2049 789 2111 esth
804 2049 904 2122 Riese,
916 2052 971 2134 qui
985 2069 1017 2113 se
1030 2049 1163 2115 codicem
1176 2052 1341 2134 optimum,
1350 2052 1530 2133 ubicunque
1543 2057 1576 2114 et
1588 2051 1667 2113 ratio
1677 2058 1709 2112 et
1718 2069 1765 2113 res
1773 2057 1805 2112 et
1814 2069 1914 2113 sermo
1926 2049 1961 2112 id
1972 2071 2041 2133 per·

425 2139 572 2211 mitteret,
583 2143 1067 2224 secutummesseproiessusest.
1095 2143 1235 2208 Biesium
1250 2151 1357 2208 tamen
1371 2150 1403 2208 et
1417 2145 1522 2227 ipsum
1536 2145 1595 2208 hoc
1607 2163 1669 2206 non
1682 2144 1798 2226 ubique
1808 2163 1841 2205 re
1851 2143 2042 2226 praestitisse

426 2235 556 2311 questus
566 2238 615 2294 est
624 2233 665 2295 Η.
677 2231 781 2306 Peter,
792 2235 932 2298 codicum
946 2236 1076 2299 aliorum
1089 2237 1257 2300 acerrimus
1272 2237 1396 2300 uindex.
1432 2237 1482 2300 cui
1496 2257 1566 2300 cum
1580 2243 1681 2299 totam
1694 2236 1775 2298 hanc
1788 2255 1853 2298 rem
1867 2255 1949 2298 anno
1961 2235 2041 2299 1877

425 2323 663 2404 diligentissime
688 2333 852 2398 excuteret
872 2347 935 2391 non
955 2329 1075 2393 difficile
1095 2336 1163 2394 erat
1183 2337 1357 2394 monstrare
1381 2335 1414 2392 et
1434 2330 1640 2394 Vrsinianum
1660 2335 1692 2392 et
1711 2330 1814 2410 ipsum
1835 2329 2042 2410 Reginensem

425 2417 535 2480 multia
544 2419 727 2502 corruptelis
734 2420 893 2484 nonnullis
906 2423 999 2485 etiam
1013 2422 1304 2505 interpolationibus
1314 2424 1504 2504 deprauatos
1512 2443 1587 2486 esse.
1623 2421 1677 2484 sed
1687 2441 1758 2485 cum
1769 2423 1880 2485 horum
1890 2421 2042 2486 librorum

426 2511 642 2575 anctoritatem
662 2513 870 2586 imminueret,
890 2516 992 2578 nescio
1011 2535 1053 2578 an
1072 2519 1123 2578 uir
1143 2516 1254 2580 doctus
1274 2519 1309 2579 in
1327 2537 1400 2580 eum
1420 2516 1565 2580 inciderit
1584 2533 1728 2586 errorem,
1748 2521 1785 2576 ut
1808 2515 1880 2587 illis,
1909 2535 2042 2598 quorum

425 2605 632 2686 patrocinium
646 2625 769 2669 summo
782 2606 889 2688 ingeni
901 2610 1041 2672 acumine
1054 2610 1198 2691 suscepit,
1212 2610 1283 2692 plus
1300 2628 1402 2690 aequo
1421 2609 1583 2672 tribueret.
1624 2627 1683 2688 ego
1702 2608 1794 2680 enim,
1810 2608 1837 2670 si
1851 2607 2041 2672 Mallerstor·

313 2765 316 2770 ,
425 2699 530 2761 lienais
542 2699 704 2778 excipitur,
718 2706 756 2761 nt
768 2699 874 2762 Blasio
886 2701 1043 2764 adsentiar
1055 2700 1200 2773 adducor,
1215 2703 1270 2784 qui
1291 2720 1324 2764 se
1341 2700 1422 2764 nihil
1436 2703 1468 2763 in
1482 2701 1592 2764 ceteris
1605 2700 1693 2762 libris
1707 2700 1943 2782 deprehendisse
1956 2701 2042 2774 dicit,

425 2791 511 2871 qnod
524 2793 662 2872 genuina
673 2792 814 2856 bonitate
834 2795 899 2857 siris
918 2794 987 2856 RV
1007 2799 1186 2877 praestaret
1228 2814 1302 2857 nam
1317 2794 1602 2858 Mallerstorhensis
1618 2792 1743 2874 quidem
1760 2793 1804 2872 (D
1818 2793 1904 2875 apud
1916 2800 2041 2866 ceteros,

424 2883 510 2965 apud
522 2904 573 2946 me
586 2883 648 2964 M),
662 2903 852 2969 quamquam
872 2907 936 2950 non
955 2893 1028 2950 ante
1048 2887 1206 2950 saeculum
1226 2887 1446 2951 duodecimum
1460 2887 1636 2967 descriptus
1649 2885 1747 2948 irrisae
1760 2884 1895 2956 uidetur,
1909 2887 2044 2966 uestigia

423 2978 582 3059 archetypi
596 2977 757 3041 interdum
770 2999 834 3043 non
844 2980 1153 3063 spernendaerhibet.
1178 2981 1292 3064 reliqui
1302 3000 1378 3044 uero
1384 2980 1458 3044 licet
1468 2979 1570 3042 multa
1578 2977 1745 3061 praebeant
1754 2979 1850 3059 digna
1860 2985 2042 3053 memoratu,

424 3089 661 3152 nonnumquam
675 3071 771 3134 etiam
784 3092 891 3136 ueram
906 3075 1099 3155 scripturam,
1113 3075 1146 3136 in
1163 3073 1215 3135 his
1228 3075 1333 3136 tribus
1345 3073 1502 3144 amissam,
1517 3076 1708 3142 conseruent,
1722 3077 1828 3133 tamen
1841 3071 1876 3134 id
1886 3071 1965 3134 mihi
1978 3090 2042 3134 non

424 3163 584 3246 archetypi
596 3164 712 3227 diuersi
724 3165 855 3237 uirtute,
869 3165 924 3228 sed
936 3167 1131 3230 librariorum
1144 3186 1207 3229 non
1228 3165 1425 3229 indoctorum
1439 3185 1532 3248 opera
1544 3165 1664 3226 iactum
1678 3183 1744 3227 esse
1757 3164 1892 3228 uidetur.
1934 3184 2042 3246 quarn·

424 3256 529 3318 obrem
556 3257 658 3339 primo
684 3257 752 3321 loco
778 3258 986 3339 Reginum
1014 3259 1148 3323 aecundo
1172 3259 1376 3321 Vrsinianum
1402 3259 1496 3321 tertio
1530 3257 1835 3320 Mallemtorflensem
1870 3257 2042 3339 sequendos

424 3347 595 3431 adsumpsi,
607 3369 709 3432 neque
722 3356 837 3422 tamen,
851 3352 906 3413 ubi
920 3353 999 3414 ratio
1013 3351 1064 3414 uel
1082 3353 1232 3414 sermonis
1253 3352 1402 3415 Ouidiaui
1415 3371 1493 3413 usus
1507 3351 1665 3433 postulare
1683 3351 1850 3424 uideretur,
1864 3349 1922 3413 hos
1936 3369 2042 3414 omnes

424 3441 562 3505 deserere
574 3443 721 3506 dubitaui
734 3451 768 3506 et
779 3444 871 3507 modo
883 3445 1069 3508 deteriorum
1082 3445 1229 3507 lectiones
1244 3445 1336 3508 modo
1349 3445 1510 3507 doctorum
1524 3445 1664 3507 uirorum
1677 3444 1867 3506 coniecturas
1880 3445 2023 3526 recipere.

504 3533 547 3597 In
559 3533 730 3615 Reginensi
743 3543 785 3608 et,
802 3537 945 3618 quotiens
963 3543 1142 3620 promptum
1157 3544 1233 3610 erat,
1247 3539 1280 3600 in
1294 3538 1463 3600 Vrsiniano
1484 3535 1645 3599 collatione
1664 3535 1705 3597 ab
1721 3535 1762 3596 E
1778 3535 1850 3597 Keil
1868 3537 1952 3598 lacta
1964 3542 1996 3597 et
2009 3537 2042 3597 in

424 3626 592 3690 editionem
615 3629 793 3692 Riesianam
817 3630 1005 3712 transcripta
1032 3649 1109 3692 usus
1137 3651 1216 3693 sum.
1277 3629 1425 3693 lectiones
1453 3636 1624 3691 ceterorum
1651 3632 1692 3696 et,
1719 3627 1775 3687 ubi
1803 3627 1915 3689 silebat
1942 3625 2042 3698 Riese,

424 3719 583 3781 Vrsiniani
604 3739 642 3784 ex
664 3721 749 3783 notis
769 3719 970 3785 Merkelianis
990 3721 1173 3804 adsumptae
1192 3730 1274 3785 sunt.
1324 3723 1451 3802 signum
1473 3747 1500 3790 r,
1523 3719 1611 3800 quod
1635 3718 1819 3780 ‘nonnullos
1833 3716 2041 3781 deteriorum’

425 3817 523 3882 notat,
546 3833 636 3895 saepe
659 3813 972 3885 Mullerstorhensem,
994 3815 1149 3878 interdum
1178 3815 1312 3878 tortasse
1338 3816 1434 3877 etiam
1456 3813 1658 3874 Vrsinianum
1685 3811 1830 3889 amplecti
1856 3811 2041 3875 inuenietur.

423 3903 479 3965 ubi
493 3904 532 3967 de
542 3905 689 3970 lemmate
703 3905 821 3978 siletur,
836 3926 873 3972 ex
886 3908 916 3969 Δ
928 3907 960 3969 id
980 3915 1084 3970 ortum
1104 3928 1178 3980 esse,
1193 3915 1236 3979 at,
1252 3910 1278 3972 si
1292 3907 1418 3989 quando
1431 3904 1520 3968 aliud
1533 3903 1609 3986 quid
1627 3923 1664 3966 ex
1678 3904 1708 3965 A
1721 3909 1856 3975 notatur,
1869 3922 1906 3966 ex
1918 3902 1950 3964 V
1960 3903 2011 3966 uel
2024 3929 2043 3967 e

424 3997 668 4076 intellegendum
682 4005 739 4065 est.

507 4091 674 4156 Editorum
701 4095 841 4176 priorum
870 4094 1036 4178 scripturas
1067 4113 1087 4155 a
1113 4112 1183 4155 mea
1213 4093 1432 4174 discrepantes,
1459 4090 1516 4151 ubi
1543 4109 1561 4150 e
1592 4107 1626 4150 re
1660 4107 1726 4151 esse
1758 4087 1932 4160 uidebatur,
1959 4089 2042 4151 notis

423 4185 530 4248 adieci.
565 4186 712 4250 lectiones
728 4187 937 4252 Merkelianae
957 4187 1138 4271 plerumque
1158 4207 1195 4249 ex
1214 4188 1348 4250 editione
1364 4185 1458 4248 tertia
1479 4185 1512 4246 in
1534 4181 1663 4246 aedibus
1677 4181 1899 4244 Teubnerianis
1913 4181 2043 4261 uulgata

424 4286 568 4361 sumptae
590 4287 673 4342 sunt.
724 4282 819 4344 semel
837 4287 962 4344 tantum
978 4279 1045 4360 (lib.
1060 4279 1099 4350 V,
1115 4299 1144 4341 u.
1166 4279 1220 4358 21)
1236 4279 1484 4342 emendationem
1505 4276 1572 4358 ipse
1590 4275 1693 4337 conari
1715 4293 1811 4336 ausus
1831 4293 1910 4336 sum.
1951 4280 2042 4337 notas

422 4369 546 4435 dierum
567 4391 603 4436 ex
625 4371 737 4436 tabula
751 4373 911 4438 Merene
929 4371 1098 4436 mundum
1112 4371 1209 4434 Riesii
1230 4371 1467 4454 dispositionem
1489 4367 1606 4440 addidi,
1622 4367 1682 4428 nisi
1699 4367 1783 4450 quod
1804 4368 1845 4431 ad
1863 4369 1956 4430 linem
1969 4367 2042 4430 libri

424 4463 503 4527 sexti
517 4483 632 4545 paucos
645 4483 683 4529 ex
697 4467 852 4530 sententia
863 4465 978 4548 partim
990 4462 1093 4528 Peteri
1106 4463 1221 4545 partim
1235 4483 1305 4526 mea
1317 4461 1508 4544 transposui.

504 4556 640 4619 Beatam
653 4558 756 4621 adbuc
774 4557 925 4621 nonnulla
937 4556 976 4619 de
989 4556 1104 4638 quibus
1117 4555 1255 4617 dubitari
1273 4561 1386 4637 potest,
1401 4554 1555 4636 quaedam
1570 4550 1609 4615 de
1623 4549 1736 4634 quibus
1748 4551 1814 4634 ipse
1827 4551 1945 4614 dubito.
1987 4549 2042 4614 sed

424 4650 463 4711 de
483 4648 536 4712 his
555 4650 683 4722 locis,si
703 4655 897 4734 propositum
917 4670 1021 4714 meum
1042 4649 1156 4730 peregi,
1170 4648 1328 4711 adnotafis
1345 4647 1491 4711 omnibus
1511 4665 1591 4730 quae
1609 4645 1681 4708 usui
1696 4645 1764 4707 lore
1778 4644 1964 4717 uidebantur
1976 4645 2042 4727 ipre

425 4741 486 4804 sibi
499 4741 596 4804 lector
609 4742 778 4807 diiudicare
791 4743 936 4826 poterit.”

505 4834 674 4898 Fastorum
684 4843 789 4901 textus
799 4838 908 4901 solidis
917 4838 1000 4921 typis
1008 4835 1203 4900 excudendus
1212 4834 1386 4919 typothetis
1397 4833 1539 4898 redditus
1552 4838 1601 4896 est
1614 4853 1640 4895 a.
1655 4833 1685 4894 d.
1696 4831 1727 4894 V
1741 4831 1812 4894 Kal.
1825 4831 1898 4894 Dec
1911 4850 1938 4893 a.
1952 4831 2041 4926 l898.

504 4977 641 5041 'Ihrsrra
658 4986 692 5044 et
710 4999 752 5043 ax
773 4979 886 5045 Porro
899 4979 1048 5063 epistulas
1061 4978 1212 5044 recensuit
1226 4978 1385 5042 emunire
1399 4978 1438 5042 G.
1453 4975 1554 5040 Orrarr
1569 4975 1624 5058 qui
1637 4976 1675 5038 de
1689 4975 1738 5037 sui
1751 4981 1855 5037 textus
1868 4973 2042 5038 rationibus

424 5069 501 5136 haec
513 5074 676 5154 praelatus
690 5081 748 5138 est.

506 5174 524 5201 ⁴⁶
535 5165 576 5227 1n
589 5169 784 5231 recensendis
798 5168 958 5230 Tarsrrrrr
971 5166 1061 5231 libris
1074 5166 1184 5230 ducem
1197 5163 1396 5248 potissimum
1410 5161 1507 5226 habui

504 5255 533 5318 1.
573 5257 708 5320 codicem
723 5260 965 5324 laurentianum
983 5261 1057 5325 olim
1070 5262 1266 5324 Marcianum
1280 5259 1350 5330 123,
1366 5277 1443 5321 saec.
1457 5253 1508 5319 XI
1517 5281 1525 5330 ς
1547 5255 1635 5318 cuius
1653 5273 1725 5318 cum
1744 5253 1821 5318 lolia
1838 5253 1924 5317 baud
1943 5271 2043 5335 pauca

424 5348 625 5432 deperissent,
639 5371 679 5413 ne
699 5352 778 5414 liber
797 5373 925 5416 mancus
944 5355 1110 5425 uideretur,
1124 5354 1298 5434 nesmoquis
1319 5351 1441 5414 saeculo
1459 5350 1570 5431 quinto
1590 5348 1708 5412 decimo
1729 5367 1826 5409 nouas
1848 5347 2042 5408 membranas

425 5445 542 5518 intulit,
564 5463 601 5506 ex
621 5446 709 5508 fonte
729 5447 899 5529 deprauato
918 5448 1056 5519 haustas,
1078 5447 1192 5528 quibus
1212 5447 1314 5509 omnia
1334 5445 1503 5508 auctoritas
1524 5442 1620 5503 deest.
1672 5441 1808 5501 continet
1832 5445 1937 5500 autem
1964 5438 2043 5500 liber
