4910 6392
850 413 877 475 Q.
905 411 1054 466 heitar!
1074 413 1212 467 henoc!
1233 413 1512 468 EPISTVLARVM
1535 417 1606 469 LIB.
1633 419 1668 470 11

446 575 568 638 audebit,
583 593 771 646 quaecumque
784 593 878 645 parum
889 576 1040 646 splendoris
1052 579 1193 634 habebunt

446 653 475 692 et
486 642 545 693 sine
558 642 675 708 pondere
687 651 768 695 erunt
779 650 807 694 et
819 643 918 696 honore
929 643 1042 711 indigno
1054 645 1183 708 iererrtur,

446 706 531 758 uerba
542 723 651 760 rrrouere
663 709 730 768 loen,
743 708 870 776 quamuis
881 709 971 760 inuita
983 711 1109 762 recedant

445 777 474 822 et
486 781 630 824 uersentur
641 772 731 825 adhue
744 773 815 824 iuter
827 773 978 840 penetralia
992 774 1091 827 Vestae
1102 796 1109 838 ς

445 835 592 888 olscurata
603 837 651 890 diu
664 838 764 905 populo
776 838 861 890 bonus
873 843 950 890 eruet
961 845 1044 906 auqrre
1184 855 1208 891 ιι
1214 853 1228 906 5

446 902 564 967 proicret
575 901 602 954 in
616 902 703 954 lucem
715 903 836 969 aqeeiosa
848 903 982 955 uocabula
993 919 1089 964 rorum,

445 981 516 1034 quae
529 967 622 1032 priscis
634 973 785 1020 memorata
796 967 946 1019 Catonibus
958 973 1042 1034 atque
1054 969 1182 1034 Cethegis

446 1047 518 1082 nunc
528 1031 598 1082 situs
610 1031 734 1084 inionnis
747 1033 844 1098 premit
855 1037 883 1084 et
894 1031 1001 1084 deserta
1013 1039 1139 1085 uetustas
1151 1054 1158 1096 ;

445 1095 578 1148 adsciscet
590 1113 671 1158 noua,
705 1113 756 1148 uae
767 1097 872 1164 genitor
884 1097 1041 1172 prealuxcrit
1052 1114 1125 1149 risere.

446 1177 558 1212 uomens
570 1167 599 1213 ct
611 1161 629 1213 li
651 1115 732 1213 nisius
745 1178 863 1228 puroque
875 1160 1031 1212 srrrrillirnus
1042 1163 1117 1215 ιιιιιιιί
1183 1178 1229 1216 120

444 1225 542 1278 iumlet
553 1243 617 1293 opos
672 1225 795 1293 tiurnque
808 1225 897 1277 beabit
909 1225 997 1278 diuite
1009 1225 1121 1293 linguu;

445 1291 616 1344 luxuriantia
627 1297 778 1366 conpescet,
792 1290 872 1342 nimis
884 1306 980 1356 aurora
991 1307 1058 1342 sano

445 1356 551 1409 leunbit
561 1356 647 1415 cultu,
661 1361 766 1407 uirtute
777 1354 898 1407 earentia
909 1354 996 1416 tollet,

445 1420 564 1472 ludentis
576 1421 693 1486 speeiem
706 1419 785 1471 dabit
796 1425 824 1471 et
837 1419 1006 1486 torquebitur
1018 1429 1050 1472 ut
1062 1422 1108 1488 qui

444 1501 516 1536 nune
528 1489 667 1561 Salgnurr,
675 1500 749 1560 nune
758 1491 891 1560 agqesterrr
901 1484 1020 1552 Cyclopa
1026 1493 1161 1562 rrrouetur.
1180 1499 1225 1555 125

443 1549 926 1667 lti‘lliblxlih:illisit
958 1550 1177 1678 hilum

442 1697 525 1748 quarn
537 1697 632 1747 sapuere
644 1685 672 1732 et
684 1679 761 1745 ringi.
798 1679 851 1730 iuit
863 1678 931 1730 haut
942 1632 1069 1745 igmoiilis
1082 1681 1173 1749 Argis,

442 1745 490 1812 qui
501 1762 530 1798 se
542 1745 670 1798 credebat
681 1745 763 1796 miros
775 1743 868 1796 audire
880 1743 1021 1810 tragoedos

442 1809 470 1861 in
482 1826 571 1862 uacuo
582 1809 671 1862 laetus
683 1825 770 1861 sessor
782 1808 944 1884 plausorque
957 1807 1073 1873 theatro,

441 1875 591 1942 ceteroqui
603 1875 678 1926 uitae
690 1879 811 1926 seruaret
825 1887 919 1924 rnunra
930 1879 1003 1924 recto

442 1955 523 2000 more,
537 1939 624 1992 bonus
635 1957 702 1992 saue
714 1939 829 2001 uicinus,
843 1936 969 1988 amabilis
982 1937 1087 2006 hospes,

440 2005 524 2056 comis
537 2004 565 2056 in
577 2021 698 2066 uxorem,
712 2009 804 2072 posset
815 2002 863 2072 qui
874 2001 1011 2068 ignoscere
1023 2004 1109 2056 seruis

440 2075 470 2121 et
480 2070 559 2136 signo
571 2069 645 2122 laeso
657 2086 710 2121 non
723 2068 841 2122 insanire
854 2068 991 2134 inguenne,

503 2141 532 2185 et
544 2135 592 2202 qui
603 2151 697 2201 rupem
709 2141 738 2186 et
749 2139 862 2201 puteum
874 2133 963 2184 uitare
976 2142 1133 2203 patentem:
1179 2151 1188 2189 ι
1193 2151 1223 2204 35

460 2200 484 2250 ie
496 2198 543 2250 ubi
556 2216 587 2249 eo
597 2206 732 2252 unaarum
746 2198 841 2266 opibus
854 2199 978 2267 curisque
993 2201 1110 2254 reiectus

439 2263 547 2330 expulit
559 2217 677 2316 elieboro
688 2264 811 2315 morbum
824 2263 905 2316 bilem
926 2281 960 2316 ue
975 2282 1088 2326 meraco,

440 2335 469 2380 et
481 2328 552 2380 redit
563 2329 598 2379 ad
611 2344 670 2380 sese
682 2350 687 2380 :
709 2327 777 2394 ‘pol‚
793 2345 836 2380 ine
848 2281 993 2391 vestiisse,
1010 2331 1099 2392 amici,

1180 1825 1227 1876 ¹30

440 2409 493 2444 non
506 2393 638 2445 seruastis
649 2393 655 2414 '
665 2393 714 2454 ait,
731 2393 789 2446 ‘cui
802 2394 840 2445 sie
852 2399 961 2446 extorta
973 2396 1101 2462 uoluptas

439 2463 468 2509 et
479 2457 608 2524 demptus
620 2474 667 2524 per
678 2458 734 2510 uim
747 2459 845 2511 ruentis
857 2459 1029 2522 gratissimus
1041 2460 1132 2512 erron'
1178 2475 1224 2526 rao

440 2521 568 2574 nimirum
580 2539 676 2590 sapuere
686 2529 729 2575 cst
740 2523 853 2576 abiectis
868 2524 935 2575 utile
947 2525 1035 2641 nupia,

439 2593 468 2638 ot
480 2587 676 2654 tempestiuum
688 2588 779 2655 pueris
790 2590 934 2641 concedere
945 2589 983 2641 lu(
996 2607 1050 2651 um,

438 2668 471 2703 ae
483 2668 536 2703 non
550 2652 634 2706 uerba
645 2653 723 2720 sequi
736 2653 834 2706 lirlibus
847 2653 1014 2707 modulanda
1028 2655 1142 2718 Latinis,

438 2717 486 2768 sed
499 2733 581 2768 uerae
593 2733 772 2785 numerosque
785 2719 929 2786 rrrrxiosque
942 2719 1059 2772 ediscere
1072 2719 1154 2772 uitae.

438 2781 565 2848 quocirca
577 2798 683 2834 rnecuru
695 2782 790 2850 loquor
801 2783 867 2836 haee
881 2784 1035 2852 tacitusque
1048 2784 1170 2836 recordor
1182 2806 1188 2835 ε

441 2846 481 2897 ‘si
493 2845 545 2899 tibi
557 2847 635 2899 nulla
646 2847 722 2900 sitim
734 2849 824 2900 liniret
836 2848 913 2916 eopia
925 2848 1060 2916 lymphae,
1177 2851 1223 2913 146

439 2927 563 2964 narrares
575 2911 687 2965 medicis
698 2933 704 2965 ι
725 2913 806 2981 quod,
821 2919 924 2982 quanto
937 2913 1015 2980 plura
1027 2914 1138 2980 parasti,

438 2981 519 3029 tanto
531 2977 610 3044 plura
622 2977 707 3044 cupis,
722 2978 827 3031 nulline
838 2977 948 3030 faterier
959 2977 1066 3030 audeat

438 3041 462 3093 si
474 3042 572 3094 uolnus
586 3042 636 3094 tibi
649 3047 801 3094 monstrata
812 3042 902 3094 radice
913 3041 956 3093 uel
970 3041 1055 3094 herba

438 3121 491 3159 non
504 3107 581 3160 lieret
590 3107 688 3170 leuius,
701 3107 808 3174 ingeres
818 3107 907 3159 radice
918 3105 963 3159 uel
975 3105 1060 3158 herba

439 3171 596 3238 proficiente
608 3171 676 3224 nihil
689 3172 825 3224 eurarier:
844 3171 979 3232 audieras,
993 3171 1037 3222 cui

438 3251 494 3288 rem
507 3237 535 3288 di
547 3236 690 3298 donarent,
703 3236 745 3288 illi
757 3235 885 3288 decedere
896 3251 1010 3303 prauam

437 3301 597 3363 stultitiam,
611 3307 712 3352 etcum
724 3299 761 3352 ais
773 3301 859 3352 nihilo
869 3299 1026 3368 sapientior,
1039 3315 1073 3350 ex
1086 3315 1140 3368 quo

437 3365 591 3432 pleniores,
606 3371 699 3418 tamen
711 3365 796 3417 uteris
808 3365 987 3416 monitoribus
998 3364 1103 3416 isdem!

437 3435 468 3482 at
478 3431 502 3483 si
514 3431 630 3484 diuitiae
641 3429 804 3497 prudentem
816 3429 927 3482 reddero
939 3433 1058 3496 possent,
1175 3443 1184 3480 ι
1189 3441 1219 3496 55

437 3495 465 3572 si·
473 3495 603 3563 cupidum
614 3494 797 3562 timidumque
809 3495 899 3546 minus
910 3501 947 3556 te,
962 3510 1060 3562 nempe
1072 3493 1191 3558 rubores,

438 3565 546 3613 uiueret
557 3561 586 3612 in
599 3559 679 3614 terris
691 3565 719 3612 te
730 3559 816 3627 siquis
828 3558 949 3610 aurarior
959 3575 1022 3610 uno.

437 3625 461 3679 si
470 3641 517 3692 pro
537 3625 607 3677 rium
615 3629 666 3686 eet,
695 3624 748 3675 uod
760 3624 822 3692 quis
831 3623 902 3676 libra
912 3629 1047 3675 mercatus
1059 3627 1088 3675 et
1096 3638 1159 3676 aere
1168 3627 1219 3686 eat,

436 3706 473 3758 qu
527 3707 582 3752 am,
595 3689 619 3741 ei
630 3705 659 3741 er
694 3689 717 3741 is
729 3688 867 3750 eonsultis,
881 3687 1019 3755 mancipat
1030 3703 1096 3740 usus
1108 3709 1114 3740 :

435 3755 484 3824 qui
496 3760 524 3807 te
535 3754 623 3822 pascit
635 3769 707 3820 ager,
721 3759 787 3805 tuus
798 3759 848 3814 est,
862 3757 890 3804 et
900 3752 1000 3804 uilicus
1012 3751 1087 3814 Orbi,
1175 3754 1221 3805 160

436 3825 616 3937 tebth
626 3817 1158 3935 ibiibiilu‘lb'lili‘d‘ibitn

435 3949 533 4017 pullos,
546 3964 609 4010 oua,
622 3947 721 4000 cadum
732 3948 844 4000 temeti:
862 3920 959 4015 nemp'e
969 3963 996 3998 m
1034 3963 1050 3998 o
1060 3947 1114 3999 isto
1160 3920 1167 3944 ⁵

1179 3119 1225 3174 ¹50

2015 423 2065 472 265

1278 579 1413 646 paulatim
1426 579 1553 631 merearis
1565 596 1669 644 agrum,
1683 579 1797 632 fortasse
1809 582 1937 632 trecentis

1278 645 1422 696 autetiam
1435 661 1519 710 supra
1531 660 1700 695 nurnrnorunr
1715 645 1824 696 milibus
1836 655 1966 720 errrpturu,
2019 651 2064 714 165

1278 708 1343 776 quid
1357 709 1448 768 reiert,
1463 708 1542 759 uiues
1556 717 1697 760 numerato
1709 725 1793 776 nuper
1805 727 1839 760 au
1853 710 1932 761 olrrn?

1277 781 1383 840 emptor
1395 772 1500 825 Aricini
1513 773 1649 840 quomlaru
1665 773 1789 825 Veientis
1800 781 1827 824 et
1839 775 1898 825 ariri

1277 845 1400 904 emptum
1413 843 1493 888 cenat
1505 837 1591 899 liuius,
1607 838 1734 906 quamuis
1747 837 1826 890 aliter
1840 845 1927 906 putat,
1942 842 2041 908 ereptis

1276 903 1329 954 sub
1341 911 1446 954 rrmrteru
1458 901 1576 968 gelidam
1590 901 1670 967 liguis
1683 902 1828 954 caleiaeiut
1839 921 1938 955 acrium
1951 927 1956 957 ι

1276 967 1324 1019 sed
1334 975 1416 1019 uocat
1426 983 1610 1044 usquosuurn,
1621 984 1677 1034 qua
1690 968 1805 1035 pqrulus
1816 968 1908 1020 illinita
1918 971 1998 1024 certis
2018 987 2065 1036 170

1278 1032 1413 1084 limitibus
1426 1031 1518 1084 uicina
1530 1031 1631 1098 refugit
1644 1032 1749 1098 iurgia:
1769 1039 1908 1102 tamquam

1276 1098 1315 1150 sit
1327 1099 1464 1166 proprium
1477 1097 1633 1166 quicquain,
1650 1107 1751 1166 puncto
1762 1101 1833 1168 quoii
1846 1101 1953 1153 urolrilis
1964 1102 2045 1154 horne

1277 1179 1349 1215 nunc
1358 1178 1522 1230 prece,nunc
1531 1163 1626 1230 pretio,
1634 1179 1706 1214 nune
1715 1163 1830 1224 ui‚nunc
1840 1173 1927 1219 morte
1935 1184 2062 1234 suprema

1277 1233 1416 1298 permutet
1428 1227 1552 1278 dominos
1565 1235 1594 1280 et
1606 1228 1688 1280 cedat
1698 1229 1726 1281 in
1739 1230 1827 1283 altera
1838 1232 1905 1285 iura

1276 1295 1315 1345 sie
1327 1293 1394 1360 quia
1406 1297 1553 1360 perpetuus
1566 1293 1634 1345 nulli
1648 1294 1730 1347 ebatur
1741 1312 1806 1348 usus
1818 1302 1847 1348 et
1859 1297 1936 1349 heres

1276 1358 1403 1411 heredem
1416 1356 1531 1408 alterius
1545 1357 1623 1410 uelut
1636 1361 1711 1412 unda
1722 1363 1881 1429 superuenit
1892 1362 2003 1424 undans,

1275 1422 1409 1540 iiiiibiisci
1441 1430 1598 1542 &iffi
1611 1425 1705 1502 horrea
1715 1427 1842 1544 itquoidue
1854 1427 1977 1480 Calabris

1593 1507 1629 1552 nr,
1643 1507 1667 1542 m
1679 1507 1722 1543 me
1737 1507 1743 1541 ι
1796 1507 1856 1543 reus

1275 1551 1392 1621 grandia
1403 1567 1465 1604 eum
1478 1554 1579 1621 paritis,
1595 1573 1648 1608 non
1661 1555 1805 1608 exorabilis
1817 1562 1901 1608 auro!

1275 1633 1406 1682 gemmas,
1420 1635 1544 1682 memror,
1560 1621 1635 1682 ebur,
1648 1621 1788 1688 Tyrrhena
1798 1620 1897 1685 sigella,
1908 1619 2034 1678 tabellio,

1275 1691 1430 1750 argentum,
1444 1691 1535 1737 uestes
1548 1686 1666 1738 Gaetulo
1678 1685 1778 1737 murice
1789 1685 1891 1738 tinetas
2012 1688 2053 1735 181

1275 1753 1342 1800 eunt
1353 1749 1401 1864 qui
1414 1765 1467 1801 non
1481 1749 1610 1812 habeant,
1624 1750 1723 1818 estqui
1735 1766 1787 1802 non
1799 1755 1878 1802 curat
1889 1749 1996 1802 habere.

1275 1829 1324 1864 eur
1335 1831 1353 1865 a
1365 1821 1407 1866 ter
1418 1815 1534 1867 iratmnr
1547 1831 1651 1868 oessara
1662 1821 1690 1866 et
1702 1815 1794 1866 ludere
1805 1819 1835 1866 et
1846 1815 1930 1879 ungui

1294 1879 1414 1931 raeierat
1427 1879 1542 1932 llerodis
1554 1879 1680 1947 palmetis
1691 1879 1845 1946 pinguibus,
1858 1878 1928 1930 alter

1275 1894 1355 1994 inies
1366 1951 1394 1996 et
1407 1945 1443 1996 im
1481 1950 1578 1996 rtunus
1588 1944 1623 1996 ad
1636 1944 1758 1996 umbram
1771 1943 1839 1996 lueis
1850 1943 1958 1994 abortu
2013 1944 2058 2008 185

1275 2007 1431 2060 siluestrem
1462 2009 1560 2061 anemis
1571 2015 1601 2060 et
1612 2009 1682 2060 ierro
1693 2008 1802 2074 mitiget
1812 2023 1917 2074 agrum,

1275 2071 1329 2124 seit
1340 2074 1454 2134 Genius,
1469 2074 1562 2125 natale
1574 2089 1662 2124 eomes
1672 2073 1720 2141 qui
1732 2079 1866 2140 temperat
1876 2079 1991 2134 astrum,

1277 2143 1393 2190 naturae
1404 2137 1472 2190 deus
1484 2138 1628 2198 humanae,
1642 2137 1764 2189 mortalis
1775 2137 1802 2188 in
1815 2153 1900 2189 unum

1276 2201 1404 2270 quodque
1416 2207 1509 2269 caput,
1523 2202 1601 2254 uoltu
1613 2202 1763 2262 mutabilis,
1776 2201 1855 2253 albus
1866 2207 1895 2253 et
1906 2207 1973 2254 ater.

1277 2275 1340 2317 uter
1351 2275 1379 2318 et
1391 2283 1425 2318 ex
1437 2266 1552 2327 modion,
1566 2271 1700 2334 quantum
1713 2281 1755 2318 res
1766 2271 1866 2334 poscet,
1879 2281 1977 2318 aceruo
2013 2280 2059 2330 ¹9⁰

1275 2329 1381 2392 tollam,
1395 2347 1445 2382 nee
1456 2337 1586 2392 metuam,
1600 2330 1665 2396 quid
1677 2330 1711 2382 de
1722 2345 1765 2382 me
1777 2329 1879 2381 iudicet
1890 2330 1977 2390 heres,

1275 2395 1347 2461 quod
1360 2410 1413 2446 non
1427 2395 1505 2462 plura
1516 2395 1589 2446 datis
1600 2393 1753 2454 inueneritr
1769 2401 1798 2446 et
1810 2401 1902 2446 anien
1915 2395 1986 2446 idern

1275 2459 1343 2574 sleire
1354 2459 1455 2575 uolpnrt,
1469 2465 1602 2576 quanttunr
1608 2458 1887 2574 girrrplgxtlrilarisque
1899 2459 1992 2525 nepoti

1275 2541 1362 2576 «isere
1375 2541 1396 2576 re
1420 2540 1436 2576 e
1480 2539 1534 2575 uan
1550 2539 1594 2575 um
1627 2539 1682 2574 isco
1714 2538 1729 2575 e
1818 2539 1851 2574 us
1861 2539 1954 2576 auaro.

1275 2541 1565 2656 distaeinims‘iarges
1574 2594 1624 2640 tue
1632 2539 2056 2656 prodigumnequesumpturn

1275 2653 1381 2704 inuitus
1392 2653 1478 2705 iacias
1490 2669 1577 2720 neque
1590 2652 1667 2719 plura
1678 2669 1771 2730 parare
1783 2651 1897 2712 laireres,
2010 2656 2056 2718 196

1275 2733 1308 2769 ao
1319 2718 1419 2785 potius,
1433 2733 1500 2784 puer
1511 2725 1543 2769 ut
1555 2717 1632 2770 iestis
1643 2717 1853 2786 quinquatribus
1864 2716 1937 2780 olim,

1275 2783 1375 2848 exiguo
1385 2789 1518 2850 gratoque
1529 2782 1628 2834 fruaris
1639 2791 1760 2849 tempore
1771 2781 1879 2850 raptim.

1275 2847 1418 2915 pauperies
1426 2847 1684 2900 inmundatdoruus
1696 2846 1788 2914 proeul
1798 2845 1888 2899 absit:
1901 2863 1952 2963 ego
1963 2851 2055 2898 utrum

1274 2927 1346 2964 naue
1355 2912 1427 2964 ierar
1438 2929 1538 2978 magna
1549 2928 1584 2963 an
1597 2927 1689 2978 panio,
1702 2912 1774 2963 ierar
1784 2927 1855 2963 unua
1866 2911 1915 2963 ati
1935 2928 1986 2964 em.
2007 2927 2058 2964 200

1274 2991 1328 3028 non
1340 2976 1448 3044 regim
1460 2976 1573 3028 tumidis
1585 2976 1653 3028 uelis
1664 2975 1801 3043 Aquilone
1812 2975 1939 3037 soeuudo,

1274 3057 1327 3092 non
1340 3047 1433 3094 temen
1446 3041 1571 3093 aduerms
1583 3047 1702 3093 aetatem
1714 3040 1839 3092 dommus
1850 3039 1971 3104 Austris,

1272 3105 1387 3166 uiribus,
1400 3105 1518 3182 ingenio,
1531 3105 1627 3172 specie,
1641 3105 1752 3166 uirtute,
1765 3104 1832 3166 loeo,
1845 3120 1875 3156 re

1272 3171 1389 3222 extremi
1401 3185 1557 3237 primorum,
1571 3169 1700 3222 extremis
1711 3185 1797 3237 uque
1808 3169 1916 3236 priores.

1272 3251 1327 3286 ιιοιι
1339 3251 1369 3287 es
1379 3250 1497 3286 auarus:
1515 3234 1561 3287 abi
1573 3241 1579 3286 t
1595 3234 1681 3302 quid?
1696 3239 1786 3286 oetera
1796 3233 1852 3286 iam
1863 3233 1945 3286 simul
1957 3233 2011 3286 isto
2021 3301 2055 3350 0⁶

2006 3313 2020 3349 2

2016 1311 2060 1363 Ι75

1272 3299 1417 3376 oum'uitio
1427 3299 1541 3366 lugeret
1557 3303 1630 3376 earet
1639 3298 1689 3350 tibi
1701 3303 1794 3374 peetus
1805 3297 1882 3374 inani

1272 3363 1442 3440 ambitione!
1457 3369 1533 3415 earet
1544 3369 1638 3442 mortis
1648 3363 1792 3440 formidine
1802 3369 1831 3415 et
1842 3367 1901 3414 erat

1271 3426 1980 3592 lhitsdssttamtffialfflibtgisn

1269 3557 1869 3674 litteriistlabtsxthtat·

1269 3686 1336 3764 quid
1348 3692 1377 3739 te
1387 3691 1517 3764 exempta
1526 3686 1606 3764 iuuat
1616 3685 1701 3752 spinis
1712 3685 1746 3738 do
1756 3684 1880 3762 pluribus
1890 3691 1964 3739 uua!

1268 3767 1363 3870 iiiiii
1372 3749 1837 3882 detestabilitate,

1268 3887 1376 3958 tempus
1387 3880 1463 3933 abire
1474 3879 1526 3932 tibi
1536 3887 1587 3956 est,
1601 3885 1739 3956 nepotum
1750 3878 1853 3946 largius
1863 3895 1952 3948 aequo
2002 3896 2030 3933 er
2036 3895 2050 3948 5

1268 3946 1357 4000 rideat
1368 3951 1397 3999 et
1408 3945 1501 4013 pulset
1510 3944 1615 3999 launna
1625 3944 1765 3998 decentius
1776 3950 1861 3997 astas

2003 3571 2053 3610 210

495 4112 756 4162 menomenae.
788 4113 1045 4170 maenianae,
1057 4109 1360 4160 oetentioavRFh'rrV.
1391 4105 1965 4168 immaturaeusrvmmeurrxvp.
1993 4125 2049 4158 ncrc

435 4174 559 4230 atoEV,
568 4186 625 4220 nere
633 4172 688 4219 3.»
695 4171 793 4229 rino.
816 4172 996 4219 leuduni-arx
1005 4170 1078 4218 oh'n'
1086 4172 1117 4228 V,
1125 4169 1306 4228 deiurareEp
1314 4169 1343 4217 R.
1365 4167 1634 4216 lttmodoetohoobm.
1642 4166 1674 4214 ad
1683 4166 1753 4215 Luer.
1761 4166 1858 4214 illae-l.
1881 4167 2051 4226 itiquom'nm

434 4234 504 4282 oodd.
513 4247 591 4292 poem
600 4246 666 4280 omn.
693 4231 739 4277 1⁷1
747 4229 839 4288 resuoit
846 4231 915 4278 eoild.
926 4245 990 4278 omn.
1002 4230 1087 4286 nostri,
1094 4229 1172 4288 refigit
1180 4229 1283 4289 aliquot,
1293 4227 1385 4286 Bentl,
1393 4229 1484 4286 restipit
1492 4227 1593 4283 iloldeq
1600 4225 1734 4284 ressenpr'te
1742 4226 1803 4274 aeni.
1813 4225 1924 4273 Horkeiii
1931 4227 2049 4285 Mainelr,

434 4293 528 4364 refutat
538 4291 654 4340 Ribbeck.
671 4291 721 4362 ‘1⁷⁶
730 4291 833 4338 alternis
841 4290 922 4337 Bentl.
946 4291 990 4336 191
998 4290 1021 4334 V
1031 4289 1124 4338 “totus
1134 4289 1166 4337 nd
1176 4288 1250 4360 finem
1262 4288 1335 4360 buius
1346 4301 1384 4348 ep.
1395 4289 1486 4346 partim
1496 4287 1653 4333 oblitteratas
1662 4290 1708 4341 est,
1720 4285 1812 4345 partim
1822 4285 1887 4332 lacer
1894 4283 1909 4306 ”
1916 4286 2047 4346 Cruquiua.

431 4352 524 4470 lta
534 4349 789 4470 abissai
799 4348 1370 4477 nclfertcataxareha
1380 4345 1536 4466 tilii
1543 4345 2046 4464 litilathfftibhtittih

437 4469 544 4519 Dillenb.
558 4467 664 4517 bleinelr.
677 4467 752 4516 Orell.
761 4467 876 4516 wilkins.
