4910 6392
860 391 887 455 Q.
915 391 1060 446 Hortari
1081 395 1220 450 FLACCI
1240 397 1460 454 seleucum
1480 401 1556 456 Lm.
1581 403 1614 456 11
1991 416 2042 466 1411

427 551 528 606 dicitur
539 569 573 608 ex
585 556 656 633 22112
666 557 762 636 1221122
773 561 906 627 carpsisse
918 577 1037 622 corones,
1067 627 1072 638 Ι
1117 627 1122 638 Ι
1258 564 1349 617 ‘ruille
1362 567 1525 632 puellarum,
1539 587 1683 638 puerorum
1696 573 1769 628 mille
1781 576 1902 630 turones:
1992 595 2039 649 325

428 625 574 696 postquem
586 627 629 673 est
640 638 762 690 ruprensr
774 633 912 693 correptus
924 643 989 679 uoce
1002 632 1142 694 magistri!
1254 645 1271 679 o
1283 631 1377 693 meior,
1392 632 1504 685 tendens
1516 650 1619 702 percas,
1633 638 1737 702 122222,
1751 641 1847 694 minori
1860 649 1865 695 !

427 697 541 749 porrigis
552 693 623 738 rreto
635 704 718 754 puero
730 707 791 742 cum
804 707 893 758 poma,
907 697 1030 752 recusat;

429 757 530 810 ’22222
544 752 662 804 catello!
690 761 780 822 negot.
817 756 841 808 si
853 773 906 808 non
918 756 974 819 des,
987 762 1070 823 optet.
1101 763 1207 808 arnutor

426 813 554 890 exclusus
566 816 613 883 qni
626 817 721 880 distat,
735 819 795 886 agit
806 821 853 872 ubi
864 837 964 882 eccuni,
976 831 1021 873 eet
1032 837 1068 873 an
1081 838 1142 882 non,
1158 825 1206 874 222
1632 838 1671 890 pv

425 893 482 954 222
492 879 630 934 redrturus
640 889 700 936 erat
712 901 766 936 non
778 887 933 948 arcessitus,
946 893 974 938 et
986 886 1079 938 haeret

425 944 657 1000 2222212122112221
675 953 740 1001 ‘nec
752 966 833 1012 nunc,
847 967 909 1003 curn
921 967 964 1003 me
975 957 1054 1003 nocet
1066 951 1145 1013 21222,
1254 949 1332 1002 Vnde
1344 955 1373 1003 et
1383 967 1439 1018 quo
1451 952 1566 1006 Catius?
1585 957 1655 1006 ‘non
1668 967 1711 1006 est
1723 956 1790 1008 nribi
1803 963 1921 1024 tempus,
1934 963 2027 1014 euenti

425 1007 573 1084 secedam?
588 1027 624 1064 en
637 1013 729 1079 potius
741 1015 857 1068 mediter
868 1015 945 1068 linire
957 1015 1080 1068 dolores?
1252 1030 1351 1130 ponere
1362 1017 1443 1082 signe
1454 1018 1535 1070 nouis
1547 1021 1708 1087 praeceptis,
1722 1021 1818 1087 222112
1829 1024 1946 1076 uincunt

424 1072 558 1126 exclusit:
577 1084 695 1130 reuocat.
728 1079 855 1132 redeam?
871 1097 934 1143 non,
944 1081 968 1132 21
977 1080 1116 1132 obsecret)
1143 1095 1204 1132 cccc
1266 1079 1428 1147 'ythegoran
1441 1084 1584 1150 Anytique
1596 1100 1671 1136 reum
1683 1085 1847 1154 ‹loctrnnqrre
1861 1088 1997 1144 l'letone'

423 1153 529 1200 seruus,
544 1155 597 1192 non
610 1143 693 1208 poulo
703 1145 868 1210 sapientior:
888 1151 920 1196 ‘0
930 1161 983 1206 erc,
996 1161 1120 1220 quaeres
1157 1149 1204 1210 265
1251 1153 1392 1219 peccatum
1405 1147 1501 1208 121222,
1514 1165 1576 1200 2222
1589 1155 1617 1201 te
1627 1150 1666 1200 sic
1679 1155 1798 1217 ternpore
1810 1153 1890 1206 laeuo

423 1217 473 1255 nec
482 1205 593 1280 modurn
603 1205 687 1260 hebet
696 1225 785 1276 neque
794 1209 945 1272 consilium,
957 1215 1061 1262 2222222
1071 1211 1203 1276 modoque
1251 1210 1468 1276 interpellerin13
1484 1212 1532 1264 sed
1545 1213 1593 1264 des
1605 1215 1715 1266 ueniam
1729 1216 1823 1278 bonus,
1836 1234 1889 1270 oro.
2021 1235 2034 1287 5

424 1271 536 1321 tructam
545 1286 599 1322 non
610 1271 677 1324 uolt.
708 1273 737 1325 iu
747 1289 838 1326 ornere
847 1274 913 1326 haec
921 1281 987 1327 sunt
998 1275 1080 1334 22212,
1091 1275 1201 1338 bellurn,
1251 1273 1347 1339 quodsi
1360 1275 1530 1328 interciderit
1541 1278 1592 1330 tibi
1605 1295 1677 1330 nune
1688 1279 1802 1348 eliquirl,
1816 1291 1921 1349 repetes
1933 1301 2006 1347 nrox,

423 1348 476 1398 pux
488 1349 595 1410 pureum
607 1357 613 1386 ι
633 1337 700 1389 12222
711 1337 798 1406 212212
811 1339 980 1405 tempestatis
992 1356 1072 1406 propo
1085 1340 1138 1390 ritu
1250 1338 1309 1389 siue
1321 1345 1364 1391 est
1375 1346 1491 1393 2222222
1503 1341 1553 1394 1222
1564 1343 1623 1395 siue
1635 1345 1711 1406 artis,
1725 1346 1809 1397 mirus
1821 1357 1944 1416 utroque.

423 1397 900 1456 222121222222222112122221222212
912 1403 1016 1456 laboret
1252 1403 1334 1470 ‘quin
1347 1403 1374 1456 id
1386 1410 1547 1466 222122222,
1561 1423 1615 1475 quo
1627 1414 1707 1475 pecto
1717 1419 1817 1462 cuncte
1828 1419 1957 1476 tenerem,

422 1461 533 1538 reddere
543 1471 619 1516 certe
628 1465 692 1526 sibi,
705 1465 792 1519 nihilo
803 1467 864 1534 plus
875 1468 1001 1534 explicet,
1014 1469 1081 1520 2221
1155 1483 1203 1532 270
1250 1473 1346 1534 utpote
1358 1485 1400 1520 res
1412 1470 1514 1532 tenuis,
1528 1472 1605 1524 tenui
1616 1489 1739 1526 sermone
1751 1478 1893 1541 peractus!

422 1541 541 1602 22222222
554 1535 631 1604 paret
642 1537 719 1607 certe
729 1531 835 1584 retione
846 1533 998 1609 modoque)
1249 1531 1299 1583 erle
1311 1533 1429 1586 hominis
1441 1551 1549 1596 nomen,
1563 1536 1644 1589 simul
1656 1544 1693 1598 ct,
1707 1539 1846 1592 1122222222
1858 1559 1893 1593 en
1906 1541 2010 1610 hospes.

420 1591 506 1657 22211
522 1609 584 1670 curn
598 1595 705 1646 Prceurs
717 1611 863 1664 excerpens
875 1613 980 1650 eernrna
992 1597 1078 1664 pornis
1251 1597 1328 1664 ‘ipsa
1340 1615 1443 1650 memor
1462 1607 1709 1668 222222212222222,
1719 1603 1853 1656 celabitur
1861 1615 1963 1660 suctor.
2003 1623 2029 1660 22

420 1656 533 1731 gaudes,
547 1673 571 1708 22
582 1675 719 1710 cenrerem
732 1663 850 1736 percusti
861 1662 940 1724 12212,
955 1679 1035 1728 penes
1048 1669 1075 1714 te
1086 1669 1134 1715 est
1249 1661 1332 1728 longe
1342 1663 1443 1730 quibus
1466 1665 1538 1716 ecies
1549 1667 1609 1718 ouis
1621 1668 1682 1729 erit,
1696 1667 1745 1720 ills
1756 1677 1901 1733 memento,

420 1721 505 1796 2222111
520 1737 583 1774 curu
597 1723 679 1775 belbe
690 1724 754 1777 12222
766 1741 869 1777 annoso
880 1727 964 1778 uerba
975 1726 1075 1794 peleto,
1250 1731 1281 1777 ut
1292 1727 1350 1779 suci
1362 1727 1481 1780 melioris
1494 1734 1523 1781 et
1535 1736 1566 1781 ut
1578 1731 1665 1796 magis
1676 1731 1741 1783 albe
1752 1734 1884 1796 rotundis,

420 1784 583 1862 2212122222
594 1803 673 1840 cases
684 1789 731 1856 qui
743 1789 853 1842 2221221
870 1791 939 1842 edde
950 1807 1070 1844 cruorem
1154 1803 1200 1858 275
1249 1805 1362 1856 ponere:
1381 1809 1500 1860 nemque
1512 1811 1615 1846 merem
1626 1795 1754 1848 cohibent
1764 1797 1867 1850 cellosa
1879 1799 2013 1852 uitellunr.

419 1849 566 1912 stultrtree,
581 1859 666 1920 etque
679 1853 770 1921 ignem
786 1854 879 1920 gledio
895 1861 1023 1908 scrutare.
1060 1855 1148 1919 modo,
1161 1856 1200 1908 in·
1248 1855 1327 1907 ceule
1338 1857 1496 1910 suburbano
1507 1859 1554 1926 221
1566 1859 1645 1910 siccis
1655 1860 1741 1911 creuit
1753 1861 1780 1912 iu
1792 1863 1865 1928 egris
2002 1879 2030 1932 25

517 1932 612 1983 quem,
1248 1919 1353 1972 dulcior
1364 1941 1370 1972 r
1389 1921 1498 1989 inriguo
1509 1923 1578 1975 nihil
1590 1929 1633 1975 est
1644 1924 1746 1976 elatius
1759 1925 1842 1978 horto.

421 1979 538 2055 Hellede
585 1998 678 2034 rcusse
689 1982 796 2036 Marius
806 2000 868 2036 curn
881 1983 1042 2050 proecipitet
1053 1999 1091 2046 22,
1248 1983 1272 2034 21
1283 2000 1332 2036 aes
1368 1985 1456 2039 rtiuus
1467 1986 1560 2038 subito
1571 1993 1599 2039 22
1610 1989 1773 2055 oppresserit
1784 1989 1891 2058 hospes,

418 2051 532 2096 cerritus
556 2046 607 2106 uit,
620 2062 657 2098 en
669 2053 821 2100 2222222122
832 2048 944 2100 crimine
956 2050 1056 2101 mentis
1249 2064 1283 2100 ne
1294 2065 1330 2115 ge
1353 2050 1515 2103 inauratum
1527 2058 1667 2118 responset
1677 2052 1747 2105 dure
1794 2053 1859 2116 1222,

418 2108 545 2162 sbsolnes
558 2110 696 2164 hominem
707 2117 737 2164 21
747 2111 856 2164 sceleris
868 2111 1011 2165 demnebis
1023 2113 1149 2176 eundem,
1248 2112 1344 2166 doctus
1355 2114 1409 2166 sris
1420 2115 1515 2166 uiusrn
1528 2121 1619 2167 musto
1627 2131 1744 2169 mersere
1779 2119 1888 2171 elemo:

418 2188 453 2250 ex
466 2190 539 2250 more
552 2175 686 2242 inponens
697 2181 816 2252 cognate
827 2177 962 2229 uocabula
972 2177 1071 2230 22122221
1151 2179 1201 2230 282
1247 2175 1298 2229 1222
1309 2183 1431 2230 22222222
1443 2179 1534 2231 122122
1571 2181 1744 2246 pratensibus
1755 2197 1772 2233 o
1791 2184 1859 2235 time
1870 2184 1962 2251 iungis
1999 2201 2032 2238 2ο

418 2238 563 2316 libertinus
576 2245 644 2302 eret,
659 2241 707 2308 221
719 2257 820 2317 circum
832 2241 951 2308 compite
962 2241 1049 2294 212222
1247 2247 1347 2294 neture
1358 2248 1420 2303 este
1436 2242 1500 2294 21112
1511 2243 1583 2296 male
1594 2243 1719 2296 creditur.
1757 2198 1804 2298 ide
1815 2247 1933 2300 salubris

417 2302 502 2355 leutrs
514 2320 595 2356 mene
606 2320 691 2358 senex
702 2305 831 2358 menrbus
842 2305 967 2357 currebat
978 2311 1006 2358 et
1019 2311 1129 2367 ‘unum
1247 2311 1367 2359 22222222
1379 2313 1500 2374 peraget,
1513 2307 1562 2374 qui
1574 2307 1658 2374 nigris
1671 2309 1785 2376 prandia
1796 2313 1878 2362 moris

419 2369 496 2436 (quid
515 2375 572 2420 tom
592 2385 723 2436 22222222
732 2369 758 2422 2¹
775 2369 889 2432 eddeue)
909 2375 1009 2422 ‘unum
1033 2387 1075 2423 me
1095 2371 1198 2438 surpite
1247 2369 1332 2428 112122,
1346 2377 1412 2423 ente
1422 2387 1533 2436 greuenr
1546 2373 1654 2438 222212
1673 2373 1725 2425 2212
1735 2374 1829 2426 2212222
1840 2376 1933 2429 solem.

516 2433 615 2486 nrnrti!
1247 2389 1832 2491 Α211211221222122122222222211212122222

416 2497 459 2550 dis
469 2499 571 2550 etenim
583 2498 664 2550 iecile
676 2503 717 2550 221
728 2499 734 2520 ’
744 2497 849 2560 orabet,
863 2513 946 2550 sanus
958 2499 1080 2566 utrisque
1247 2499 1382 2560 mendose,
1394 2501 1525 2566 quoniam
1537 2501 1631 2553 uacuis
1642 2503 1810 2556 committere
1822 2505 1899 2558 uenis
1997 2521 2028 2575 25

416 2563 529 2614 cambus
541 2571 626 2630 atque
637 2563 743 2624 oculis;
761 2569 890 2624 mentem,
903 2563 955 2616 uisi
968 2563 1110 2629 litigiosus,
1150 2564 1197 2631 285
1247 2563 1285 2614 211
1298 2563 1350 2615 2121
1363 2565 1424 2617 1222
1435 2565 1531 2618 decetr
1549 2565 1605 2618 1221
1617 2566 1772 2632 praecordia
1783 2569 1872 2620 mulso

416 2627 761 2695 exciperetrlominus,cum
769 2627 906 2680 uenderet.
932 2627 1096 2705 1222222222
1102 2629 1198 2696 uolgus
1247 2627 1378 2694 prolueris
1389 2628 1495 2682 melius.
1532 2629 1555 2681 si
1567 2628 1637 2682 dura
1647 2631 1797 2684 morabitur
1807 2633 1896 2697 sluue,

417 2693 585 2759 Chrysippus
598 2693 675 2760 ponit
687 2692 804 2745 iocunde
815 2693 844 2744 12
866 2697 936 2744 rente
949 2693 1066 2746 blenenr.
1246 2691 1361 2744 mitulus
1372 2699 1401 2745 et
1413 2693 1482 2746 uiles
1494 2693 1597 2761 pellent
1608 2695 1747 2761 opstantia
1758 2697 1877 2750 conchae

418 2763 425 2785 ‘
437 2759 568 2824 luppiter,
582 2758 702 2823 ingentis
714 2757 823 2824 quidus
871 2757 985 2824 imisque
998 2758 1122 2820 dolores,'
1245 2761 1274 2808 22
1285 2757 1391 2834 lapathi
1404 2758 1494 2810 breuis
1506 2758 1598 2820 herba,
1611 2759 1658 2812 sed
1670 2759 1733 2811 elbo
1744 2776 1797 2812 non
1809 2761 1868 2812 sinc
1880 2763 1942 2815 Coo.

416 2829 504 2874 meter
514 2823 556 2874 212
568 2821 645 2890 pueri
657 2822 758 2875 mensis
769 2821 825 2874 1222
836 2821 957 2889 quinque
968 2823 1103 2886 cubentis,
1245 2821 1350 2874 lubrrce
1361 2829 1505 2875 2222222222
1517 2823 1632 2891 implent
1643 2823 1785 2890 conchylis
1796 2825 1877 2878 12222
1887 2845 1895 2887 3
1994 2843 2027 2894 ³0

418 2886 535 2953 ι12121212
546 2887 569 2938 21
581 2903 695 2954 puemm
728 2891 845 2939 uertens
857 2885 1004 2954 reliquerit,
1018 2887 1066 2940 illo
1149 2901 1199 2953 292
1244 2886 1358 2938 sednon
1371 2903 1451 2940 omne
1463 2903 1537 2939 mere
1548 2893 1591 2940 est
1601 2903 1748 2954 generosae
1758 2888 1848 2942 1222112
1860 2895 1965 2945 2221222

416 2967 496 3028 mene
507 2951 561 3028 die,
574 2967 631 3028 quo
642 2955 674 3003 tu
685 2903 784 3004 inhies
795 2951 908 3030 ieiunis,
921 2951 1010 3004 nudus
1036 3017 1042 3028 1
1245 2951 1347 3004 murice
1360 2951 1465 3028 beieuo
1477 2951 1573 3028 melior
1584 2953 1701 3028 Lucrine
1712 2952 1818 3020 peloris,

415 3031 444 3068 22
456 3015 548 3068 'libers
559 3015 666 3068 stebrt.’
699 3032 780 3069 22222
791 3015 946 3068 medrcrrsue
958 3015 1058 3068 leuent
1244 3021 1335 3068 ostree
1346 3017 1457 3077 Grreers,
1471 3016 1580 3068 Miseno
1590 3021 1715 3068 onuntur
1725 3016 1823 3079 echini,

415 3096 527 3148 aegrum
539 3097 574 3133 ex
587 3080 746 3148 praecipiti:
765 3087 852 3133 meter
863 3080 948 3133 delire
960 3080 1068 3134 necabit
1244 3080 1398 3146 pectinibus
1409 3079 1513 3146 petulis
1524 3081 1611 3133 122122
1621 3097 1651 3133 22
1660 3081 1741 3134 molle
1752 3081 1908 3134 Tarentum.

414 3145 443 3198 in
454 3145 547 3214 gelide
558 3147 645 3198 fixum
656 3145 717 3212 ripe
728 3144 884 3213 febremquc
896 3145 1013 3198 reducet.
1244 3161 1293 3197 nso
1304 3145 1358 3197 sibi
1369 3161 1498 3198 cenerum
1510 3145 1601 3212 quiuis
1613 3149 1714 3198 temere
1725 3152 1832 3212 erroget
1843 3152 1940 3210 221222,
1992 3161 2024 3215 35

413 3227 503 3278 22222
515 3211 589 3263 malo
600 3215 721 3264 mentem
732 3215 880 3263 2222222221
897 3210 993 3262 timore
1003 3209 1121 3262 deorum.
1147 3222 1195 3276 295
1244 3225 1298 3261 222
1310 3209 1385 3277 prius
1396 3213 1497 3262 execte
1507 3209 1584 3261 tenui
1596 3209 1701 3262 retione
1712 3225 1848 3276 saporum.

414 3275 482 3328 heec
493 3275 562 3328 mihi
574 3275 733 3337 Stertinius,
745 3274 901 3343 sapientum
912 3281 1032 3336 osteum,
1045 3275 1132 3326 emico
1242 3289 1293 3326 uec
1303 3273 1372 3326 setis
1383 3279 1502 3327 estsere
1513 3274 1594 3341 piscis
1605 3289 1729 3326 euenere
1740 3291 1835 3327 meuse

415 3356 493 3393 orme
503 3340 589 3403 dedit,
603 3339 719 3408 posthec
730 3355 764 3391 ne
775 3339 950 3416 compellerer
959 3339 1073 3390 inultus.
1241 3338 1376 3406 ignarum,
1389 3338 1490 3416 quibus
1500 3343 1543 3390 est
1553 3337 1597 3390 ius
1608 3338 1700 3406 eptius
1711 3343 1739 3392 et
1750 3339 1849 3416 quibus
1857 3340 1927 3392 essis

413 3405 514 3458 dixerit
524 3406 654 3458 12222222
684 3404 714 3456 21
724 3419 777 3466 me,
790 3403 905 3455 totrdem
916 3403 1011 3455 eudiet
1020 3409 1104 3472 etque
1241 3402 1288 3455 lan
1330 3403 1391 3455 ’dus
1402 3417 1431 3456 22
1442 3402 1567 3456 cubitum
1578 3403 1634 3455 iem
1646 3418 1675 3455 22
1686 3418 1805 3455 conurue
1816 3410 1934 3470 reponet

413 3471 544 3538 respicere
555 3471 651 3538 ignoto
661 3421 749 3522 discet
759 3467 908 3546 pendentis
919 3468 1013 3544 tergo'
1070 3531 1076 3544 ·
1241 3419 1345 3520 Vmbne'r
1355 3471 1384 3520 21
1394 3467 1425 3520 111
1492 3467 1613 3519 nutritus
1623 3467 1724 3544 glsude
1734 3467 1865 3544 rotundas
1989 3485 2023 3534 40

414 3535 512 3597 Stoice,
526 3541 588 3603 post
599 3535 732 3587 demeum
743 3549 783 3585 222
793 3532 898 3585 uendes
906 3547 997 3584 omme
1008 3530 1101 3598 piune,
1147 3547 1196 3598 322
1240 3537 1338 3584 222221
1349 3547 1415 3599 eper
1454 3547 1518 3585 uces
1528 3547 1637 3584 csruern
1648 3537 1764 3584 22122122
1775 3539 1907 3585 inertem:

412 3615 468 3675 que
479 3616 522 3652 me
533 3599 664 3661 stultitis,
677 3598 807 3666 quonism
818 3613 872 3649 non
883 3601 926 3650 est
972 3612 1022 3648 nus
1034 3612 1128 3658 unum,
1240 3612 1305 3649 uem
1317 3597 1438 3650 Leureus
1449 3595 1539 3648 melus
1550 3599 1601 3658 221,
1615 3596 1688 3649 21212
1699 3601 1728 3649 21
1738 3596 1890 3650 herundine
1901 3597 2019 3666 pinguis.

412 3665 532 3716 22222122
544 3669 645 3732 putes!
661 3679 712 3730 ego
723 3679 787 3715 nem
799 3661 894 3714 uideor
933 3661 940 3674 ⁶
963 3661 969 3674 '
982 3677 1072 3713 senus.
1240 3661 1322 3714 uince
1332 3661 1483 3714 summittit
1493 3677 1604 3738 capreus
1615 3677 1668 3712 non
1681 3676 1785 3728 semper
1795 3661 1890 3714 edulie.

414 3729 517 3797 ι221211
532 3733 617 3805 ceput
628 3727 766 3780 abscisum
777 3725 904 3779 menibus
916 3741 976 3778 curn
989 3730 1079 3793 portet
1090 3725 1188 3793 Agens
1240 3725 1350 3779 fecundi
1362 3725 1461 3794 leporis
1472 3741 1581 3802 sepiens
1592 3724 1743 3777 sectebitur
1753 3741 1850 3778 armos.

411 3794 490 3860 gnati
501 3793 628 3855 iniehcis,
641 3791 694 3845 sibi
706 3796 773 3844 tunc
784 3790 887 3843 1221222
898 3789 1007 3843 uidetur
1016 3789 1043 3841 t’
1240 3790 1360 3857 piscibus
1371 3795 1456 3858 etque
1468 3790 1566 3842 aurbus
1577 3805 1648 3858 quse
1659 3795 1759 3842 natura
1769 3795 1798 3842 et
1807 3790 1876 3842 toret
1884 3795 1971 3854 setes,
1990 3805 2022 3858 45

412 3858 530 3911 stultum
542 3874 586 3910 me
597 3858 686 3910 122222
698 3857 791 3918 1112221
801 3855 946 3908 concedere
957 3854 1039 3916 ueris)
1146 3867 1193 3921 305
1239 3861 1305 3907 ente
1316 3871 1407 3907 meum
1419 3855 1489 3906 nulli
1501 3853 1593 3921 potuit
1603 3854 1729 3922 queesite
1740 3853 1872 3921 palatum.

410 3929 496 3992 etque
506 3922 591 3976 etiem
603 3923 732 3974 insenum
743 3941 750 3981 t
767 3926 876 3972 tentum
887 3919 938 3972 hoc
948 3919 1073 3981 edissere,
1086 3935 1139 3986 quo
1150 3937 1193 3972 me
1238 3925 1304 3972 sunt
1315 3935 1430 3988 quorum
1438 3919 1579 3994 ingenium
1588 3920 1905 3972 nouetantumcrustule
1913 3921 2018 3988 promit.

410 4004 444 4040 ee
493 3993 552 4040 tere
582 3991 644 4039 utee
655 3985 742 4038 enimi
753 3985 829 4037 uitio.
868 3984 940 4037 ‘ecci
960 4001 990 4036 e:
1008 3984 1124 4050 primum
1240 4001 1413 4062 nequaquem
1425 3989 1494 4036 satis
1504 3984 1533 4036 in
1546 3999 1574 4035 re
1585 3999 1641 4035 une
1651 3997 1808 4036 consumere
1819 3999 1929 4046 22222222

411 4003 548 4112 esffiloices,
562 4003 613 4104 hoc
625 4055 668 4103 est
680 4050 774 4117 longos
785 4048 910 4110 imiteris,
924 4001 960 4100 ab
971 4049 1025 4101 imo
1240 4057 1271 4101 ut
1282 4051 1368 4117 siquis
1380 4049 1470 4100 solum
1482 4047 1628 4124 boemela
1640 4063 1674 4100 22
1685 4048 1741 4100 2121
1752 4049 1827 4112 2122,
1840 4048 1955 4112 12122222,

412 4115 448 4168 ed
460 4132 598 4168 summum
610 4119 686 4168 totus
698 4113 802 4166 moduli
814 4113 946 4181 bipedalis
958 4135 964 4166 :
982 4119 1011 4167 et
1022 4114 1094 4166 idem
1239 4114 1314 4180 22211
1327 4113 1474 4180 pertundet
1485 4129 1566 4180 prsers
1577 4128 1687 4165 securus
1699 4113 1780 4165 oliuo.
1988 4125 2021 4180 52

410 4197 519 4247 corpore
530 4181 662 4232 maiorem
673 4179 745 4232 rides
757 4178 891 4231 Turbonis
903 4179 931 4230 in
943 4179 1025 4230 ermis
1144 4192 1193 4244 322
1240 4179 1358 4230 Massica
1368 4179 1392 4230 si
1404 4177 1480 4230 ceelo
1490 4193 1624 4245 suppones
1637 4177 1703 4230 uiua
1713 4193 1814 4240 sereno,

410 4245 536 4312 spiritum
548 4251 577 4298 et
587 4245 724 4297 incessum
736 4265 742 4295 :
760 4243 808 4311 qui
819 4243 949 4296 ridiculus
960 4243 1050 4294 minus
1061 4241 1127 4295 11121
1239 4248 1380 4304 nocturne,
1393 4242 1417 4294 si
1438 4241 1485 4294 uid
1497 4243 1581 4295 crassi
1592 4247 1643 4304 est,
1658 4243 1817 4295 tenuebitur
1827 4257 1904 4306 sure,

409 4326 445 4362 sn
453 4309 644 4377 quodcumque
652 4308 1026 4376 iecitMeecenes,tequoqrre
1035 4323 1129 4360 uerum
1138 4313 1189 4370 est,
1213 4308 1216 4377 1
1237 4313 1266 4360 ct
1276 4307 1390 4360 decedet
1436 4306 1724 4368 22222212121221222;
1740 4306 1831 4359 211112

410 4379 520 4427 tentum
532 4373 703 4434 dissimilem,
717 4377 948 4426 21122122222222
960 4373 1108 4426 2212222221
1236 4373 1373 4439 integrum
1385 4372 1502 4438 perdunt
1512 4371 1570 4424 lino
1580 4371 1681 4423 uitiets
1691 4387 1821 4437 soporem.

410 4439 532 4492 absentis
544 4455 628 4492 rensc
640 4438 723 4506 pullis
735 4437 817 4490 uituli
829 4438 897 4505 pede
909 4437 1007 4505 pressis
1237 4437 1398 4490 Surrentina
1409 4436 1488 4488 22122
1497 4436 1545 4512 221
1557 4436 1653 4487 miscet
1664 4435 1738 4487 12222
1750 4435 1867 4486 11212222
1987 4445 2018 4500 55
2053 4452 2056 4460 ·

409 4520 481 4556 unus
494 4503 543 4556 ubi
553 4503 659 4572 effugit,
672 4503 755 4556 matri
766 4503 894 4556 denarrat
905 4509 936 4556 ut
948 4503 1044 4569 ingens
1142 4515 1189 4568 325
1237 4503 1310 4562 2122,
1323 4501 1479 4553 columbino
1491 4500 1586 4552 lrnrum
1598 4500 1666 4552 bene
1677 4499 1782 4565 colligit
1792 4515 1853 4560 ouo,

410 4569 493 4621 belua
503 4575 634 4636 cognetos
646 4568 764 4621 eliserit:
784 4568 832 4620 ille
844 4584 945 4634 rogere,
1236 4573 1373 4635 quatenus
1384 4567 1441 4618 ime
1451 4565 1522 4632 petit
1533 4564 1646 4616 uoluens
1657 4563 1749 4615 eliena
1759 4562 1878 4614 uitellus

411 4631 1189 4764 2tetilrldr·“ll⁰h't”ldl÷trilmtlltti'
1212 4688 1214 4760 2
1236 4626 1873 4763 mtlffmltlulltmfflttldbb

409 4779 438 4856 30
450 4761 1189 4891 1111112111111111111111211111219
1211 4761 1214 4855 i
1236 4753 2014 4891 1,111113111221211112211111,

409 4843 479 4944 reddere
491 4895 619 4966 poemets
629 4907 711 4952 nunc,
725 4890 775 4942 lroc
786 4897 836 4951 221,
849 4891 939 4942 oleum
950 4891 1020 4943 edde
1032 4891 1154 4943 cernino:
1235 4901 1424 4957 quoecumque
1435 4884 1575 4936 inmundis
1585 4884 1692 4936 seruent
1702 4881 1789 4934 allsta
1800 4882 1912 4958 popipis

409 4973 480 5024 quse
491 4956 579 5032 siquis
590 4971 674 5006 senus
685 4954 759 5014 12211,
772 4971 856 5042 senus
867 4955 934 5032 12212
945 4961 974 5008 21
986 4963 1023 5034 tu.
1069 5023 1077 5048 ι
1235 4958 1278 5006 est
1289 4966 1386 5020 operae
1397 4949 1515 5064 pretirpm
1526 4947 1642 5063 duddi&
1653 4961 1809 5063 222ωῶ221212
1819 4961 1887 4998 222222

409 5019 1041 5153 1111111111111111221111111
1053 5018 1188 5137 ruffum
1210 5025 1214 5138 1
1235 5022 1893 5150 111312111111211112121122
1983 5077 2016 5141 ⁶⁵

467 5290 505 5336 m
520 5289 566 5335 80³
581 5285 695 5334 22221122
710 5288 1024 5344 supportaremus·
1037 5287 1150 5346 pressu
1167 5285 1198 5343 V,
1216 5285 1377 5340 (1222222222.
1390 5282 1437 5327 222.
1469 5279 1514 5324 tu
1531 5277 1669 5348 2222122221,
1682 5281 1749 5324 tento
1763 5279 1811 5324 oet.
1842 5276 1887 5322 tm
1900 5276 2017 5336 iteeys

408 5350 518 5408 ΜΡΝ,
530 5347 596 5406 facit
611 5351 634 5393 ct
648 5343 818 5402 malefecia
833 5353 860 5392 ta
876 5346 944 5393 codd,
962 5346 996 5393 eli
1013 5346 1133 5402 22111222
1149 5343 1257 5392 nime.
1310 5340 1479 5386 Mutnceat
1490 5335 1617 5394 sthV,
1628 5335 1824 5383 2222222122221.
1836 5334 2015 5406 camunoood

408 5413 439 5455 lt
456 5410 504 5456 cole
520 5407 552 5464 V,
572 5405 630 5453 colle
646 5404 673 5462 1²,
694 5403 763 5452 ceute
778 5407 825 5450 cet.
858 5405 887 5448 19
902 5410 980 5451 murto
1032 5403 1078 5452 211,
1096 5403 1226 5460 1122221)
1277 5402 1383 5458 ..221222
1397 5396 1468 5445 codd.
1499 5395 1657 5456 “secundae
1667 5394 1699 5452 V,
1711 5394 1793 5444 Bentl.
1825 5395 1854 5441 ⁸1
1864 5407 1894 5442 222
1902 5393 2017 5442 22222221

409 5469 484 5529 0222.
497 5465 605 5515 Dillenb.

1184 5528 1206 5570 K
1217 5528 1240 5570 K
