4976 6356
827 394 883 448 Ab
904 393 1111 450 Latrones!
1130 395 1240 450 BENE
1245 393 1375 450 Votvrt
1395 395 1615 452 PRAEFATIO
1994 420 2032 456 xv

416 566 523 628 intulit
534 571 706 630 comestura
716 566 776 628 nisi
786 586 864 648 quae
877 565 1029 628 nonnulla
1042 566 1075 626 in
1088 565 1115 626 F
1129 569 1336 626 correctorum
1349 564 1468 645 primus
1485 565 1571 644 (nam
1585 587 1684 630 unum
1698 575 1825 632 tantum
1838 589 1906 632 esse
1919 591 2030 652 parum

416 665 497 722 recte
510 661 632 722 rettulit
644 661 801 724 Baehrens
813 666 851 723 ut
863 661 905 723 ab
917 661 1025 723 eadem
1039 660 1084 722 M.
1099 659 1213 722 Aliord
1226 657 1407 736 didicimus)
1423 659 1587 740 exemplari
1607 681 1715 723 rursus
1734 662 1873 742 inspecto
1886 664 2030 726 emenda-
2046 742 2050 748 Ι

416 757 514 815 uerat.
555 753 662 834 itaque
676 755 818 837 quotiens
831 753 909 833 quid
922 754 955 814 in
969 751 994 814 Φ
1007 753 1157 832 seriptum
1171 751 1268 812 tuerit
1281 751 1457 832 requiritur,
1471 753 1687 834 perpendenda
1699 759 1773 816 sunt
1786 754 1940 818 librorum
1952 756 2031 826 NP

418 850 503 928 (eum
517 849 581 912 lex
595 853 697 930 parte)
712 851 779 912 NL
793 848 977 912 testimonia
1020 847 1106 928 quod
1122 866 1194 908 uero
1210 846 1252 908 ad
1265 845 1296 906 D
1305 847 1335 908 V
1348 847 1470 918 attinet,
1485 849 1569 928 ipsos
1589 867 1609 908 a
1629 847 1764 928 quadam
1780 848 1887 928 stirpis
1901 846 1926 908 Φ
1939 849 2031 930 quasi

416 942 511 1023 stirpe
522 943 672 1022 originem
683 942 853 1024 simplicem
865 942 988 1004 duxisse
1002 941 1102 1022 (quod
1113 941 1271 1003 Baehrens
1282 939 1453 1018 contendit)
1464 961 1520 1004 nos
1531 947 1666 1003 statuere
1676 961 1738 1002 uon
1748 942 1948 1016 audebimus;
1969 942 2029 1004 leo·

416 1035 517 1097 ticum
529 1056 603 1098 uero
611 1057 688 1118 quas
697 1037 845 1118 praebent
854 1037 900 1097 ita
910 1035 1136 1104 distribuimus,
1148 1039 1185 1094 ut
1196 1053 1257 1094 une
1266 1053 1337 1114 pars
1345 1052 1453 1095 earum
1464 1035 1506 1096 sit
1515 1055 1593 1116 ques
1603 1055 1675 1096 cum
1686 1033 1897 1097 Ocommunes
1912 1035 2030 1096 habent

416 1147 555 1209 quasque
572 1136 647 1192 nota
660 1129 688 1192 0
701 1129 864 1192 breuitatis
884 1147 977 1190 causa
997 1127 1256 1209 comprehendere
1276 1127 1472 1188 commodum
1493 1130 1543 1198 sit,
1564 1129 1663 1190 altera
1682 1148 1790 1190 earum
1811 1149 1892 1210 quae
1910 1129 1941 1190 N
1955 1129 2030 1190 etL

415 1221 600 1286 auctoritate
619 1221 704 1284 haud
722 1222 895 1304 spernenda
915 1221 1146 1291 confirmantur,
1160 1221 1255 1281 tertia
1274 1239 1349 1282 uero
1369 1219 1493 1282 illarum
1512 1241 1591 1302 quae
1610 1222 1644 1282 in
1663 1221 1750 1283 nullo
1768 1221 1831 1284 alio
1848 1221 1960 1290 codice,
1975 1222 2029 1302 qui

416 1313 543 1394 quidem
563 1315 663 1378 bonus
676 1315 727 1384 sit,
741 1314 954 1396 reperiantur;
975 1333 1055 1396 quae
1069 1313 1096 1376 si
1114 1313 1218 1375 nullae
1231 1319 1344 1384 essem,
1357 1333 1484 1394 prorsus
1501 1315 1654 1376 abiciendi
1672 1321 1776 1378 essent
1796 1315 1916 1378 codices
1933 1315 2028 1376 auda

416 1407 497 1468 ciere
517 1407 753 1490 interpolatione
772 1407 923 1472 foedatae.
964 1408 1026 1470 huo
1045 1427 1204 1470 aceesstua
1223 1413 1297 1469 sunt
1314 1407 1465 1470 nonnulla
1478 1407 1519 1470 ab
1532 1408 1548 1470 i
1560 1413 1592 1469 et
1605 1429 1625 1468 r
1638 1413 1774 1470 correcta
1788 1409 1815 1469 si
1829 1417 1847 1442 ‘⁶
1857 1426 1968 1470 uerum
1981 1413 2029 1469 est

416 1498 501 1579 quod
520 1498 584 1560 Leo
603 1505 707 1562 censet
726 1498 969 1562 laurentianum
988 1507 1021 1564 et
1041 1501 1228 1562 Vaticanum
1253 1520 1290 1562 er
1310 1501 1413 1564 codice
1433 1501 1537 1582 aliquo
1557 1501 1755 1581 Neapolitani
1775 1501 1861 1562 haud
1884 1501 2030 1562 dissimili

416 1597 498 1654 certe
511 1611 574 1654 non
592 1612 628 1654 er
642 1593 712 1674 ipso
723 1591 754 1654 N
767 1599 919 1656 comestos
931 1613 998 1656 esse
1008 1592 1026 1621 ''
1044 1593 1095 1672 (Β.
1113 1593 1258 1674 Solbislry
1272 1595 1308 1654 de
1322 1595 1469 1654 cocliesbus
1479 1595 1689 1674 Properticais
1702 1614 1733 1674 p.
1749 1591 1823 1673 172)
1839 1593 1892 1656 uel
1905 1595 1933 1655 si
1945 1613 2029 1664 uera,

416 1687 453 1744 ut
466 1690 547 1745 certe
561 1684 696 1764 suptilia,
710 1683 887 1766 disputauit
899 1686 937 1748 A.
951 1685 988 1748 Ε.
1003 1687 1169 1749 Housman
1183 1686 1314 1748 Journal
1327 1687 1363 1766 os
1371 1687 1527 1768 Philoloqy
1540 1687 1602 1748 xxii
1614 1707 1666 1768 pp.
1682 1687 1741 1748 105
1755 1706 1842 1769 seqq.

497 1775 546 1837 De
559 1775 715 1840 codicibus
735 1777 928 1859 interpolatis
948 1780 1056 1860 mucis
1075 1777 1323 1858 transigendum.
1366 1779 1594 1842 Baehrensiano
1614 1779 1669 1841 illo
1689 1807 1707 1841 s
1727 1780 1911 1842 necomitate
1931 1779 2029 1842 coacti

415 1870 554 1931 utimur:
576 1870 628 1932 ille
640 1871 723 1934 enim
737 1891 815 1952 quos
826 1871 945 1934 codices
957 1873 1135 1954 quibusque
1148 1891 1201 1934 eos
1215 1873 1409 1952 argumentis
1422 1873 1624 1952 interpolatos
1640 1872 1793 1934 iudicaret
1806 1872 1908 1934 dicere
1922 1891 2029 1952 super·

416 1962 504 2024 sedit.
536 1969 617 2025 certe
625 1963 841 2025 inconumero
850 1970 924 2026 aunt
932 1965 1153 2044 Groninganus
1164 1965 1335 2026 Perusinus
1344 1964 1603 2027 Helmstsdiensis
1613 1986 1746 2046 quorum
1754 1985 1884 2028 excussa
1893 1965 2030 2028 uarietas

416 2055 515 2118 doctis
536 2055 681 2118 innotuit.
732 2063 857 2128 ceteros,
879 2057 984 2138 siquid
1004 2057 1043 2120 dc
1063 2057 1109 2120 eis
1129 2058 1285 2128 nouimus,
1306 2058 1408 2120 tutius
1428 2057 1632 2120 iudicauimus
1652 2078 1709 2119 suo
1729 2077 1885 2139 quemque
1906 2058 2031 2120 nomine

415 2149 528 2220 citam
550 2147 583 2208 in
596 2149 710 2228 quibus
722 2148 888 2212 Passeratii
909 2171 1032 2232 quoque
1050 2150 1178 2222 codices,
1197 2171 1330 2232 quorum
1346 2151 1501 2220 lectiones,
1516 2172 1554 2213 ne
1572 2151 1728 2214 mentione
1745 2151 1872 2232 quidem
1890 2151 2031 2212 codicum

415 2240 540 2303 illorum
559 2241 651 2312 facta,
665 2241 837 2306 Passeratio
857 2243 917 2324 ipsi
930 2243 1163 2306 dissimulanter
1183 2243 1328 2306 attribuit
1347 2245 1514 2306 Baehrens.
1566 2264 1644 2324 quse
1661 2245 1694 2306 in
1712 2243 1825 2304 talium
1845 2261 2030 2306 commemo·

414 2333 543 2404 ratione,
557 2333 646 2398 uelut
657 2333 766 2408 aliena,
783 2335 915 2417 virgulis
928 2337 1121 2408 inclusimus,
1141 2339 1320 2401 testimonio
1334 2338 1466 2402 aliorum
1480 2357 1542 2400 uon
1555 2337 1722 2420 explorato,
1738 2337 1828 2400 uelut
1845 2335 2030 2407 Burmanni,

415 2427 568 2490 nituntur.

497 2517 538 2580 In
556 2519 694 2583 uirorum
712 2519 873 2586 doctorum
889 2524 1073 2588 coniecturis
1089 2523 1256 2588 laudandis
1274 2525 1522 2588 Baehrensisnas
1540 2525 1643 2606 copias
1661 2543 1861 2606 nequaquam
1881 2523 2031 2586 aemulati

416 2631 535 2683 sumus,
555 2612 705 2676 nonnulle
722 2621 827 2678 tamen
843 2637 923 2699 quae
936 2617 989 2682 ille
1000 2625 1161 2700 spreuerat
1176 2620 1227 2682 uel
1239 2619 1492 2702 praeteruiderat,
1506 2619 1597 2702 plura
1609 2617 1702 2680 etiam
1717 2622 1788 2698 post
1802 2615 1895 2677 illum
1908 2615 2032 2678 felicius

415 2711 570 2787 temptata
591 2707 758 2790 recepimus
777 2711 811 2772 in
831 2717 954 2774 tartum
977 2712 1029 2776 uel
1050 2713 1085 2774 in
1108 2712 1191 2775 notis
1213 2713 1531 2776 commemorauimus.
1572 2713 1629 2774 has
1646 2711 1710 2772 illis
1730 2709 1935 2772 attribuimus
1951 2729 2032 2790 quoa

415 2799 533 2881 primos
546 2801 701 2866 inuenisse
718 2803 769 2866 uel
788 2805 906 2885 publici
926 2807 1004 2868 iuris
1023 2805 1133 2868 iecisse
1153 2805 1324 2878 constabat,
1338 2806 1422 2888 quod
1442 2826 1506 2868 non
1525 2823 1719 2868 moneremus
1735 2803 1798 2864 nisi
1811 2801 1893 2864 illud
1907 2821 2032 2882 quoque
2122 2793 2126 2802 ⁴

417 2895 605 2956 monendum
618 2901 707 2968 meet,
721 2916 792 2958 oum
805 2897 926 2980 aliquot
940 2918 977 2962 ex
998 2899 1182 2963 coniecturis
1200 2900 1233 2962 in
1252 2906 1373 2962 textum
1391 2900 1520 2981 receptis
1537 2900 1597 2982 ipsi
1616 2897 1855 2984 excudissemus.
1868 2901 1978 2977 postea
1990 2893 2032 2956 ab

416 2987 487 3049 aliis
510 2995 672 3070 occupatas
693 2989 888 3064 uidissemus,
912 2993 945 3054 in
968 2993 1019 3055 his
1043 2999 1188 3056 nostrum
1208 3013 1322 3056 nomen
1342 2993 1411 3055 ideo
1429 3013 1492 3056 non
1512 2991 1669 3056 reticuisse
1689 3010 1729 3052 ne
1748 2988 1883 3052 sNensm
1905 2993 2031 3048 tantum

417 3080 632 3143 auctoritatem
646 3083 743 3146 acerui
757 3103 823 3146 esse
837 3084 1024 3150 uideremur.
1067 3087 1308 3168 orthographiae
1321 3087 1480 3150 interdum
1492 3087 1580 3150 taciti
1592 3084 1805 3148 subuenimus.

497 3173 663 3238 Librorum
690 3183 723 3240 et
756 3179 927 3242 carminum
957 3200 1123 3242 numerum
1155 3181 1356 3262 ordinemque
1391 3181 1516 3243 solitum
1548 3177 1751 3246 seruauimus,
1773 3171 1891 3236 additis
1925 3177 2031 3235 tamen

416 3265 638 3331 Muellerianae
651 3268 795 3332 editionis
809 3271 956 3334 numeris.
998 3272 1079 3335 libro
1093 3273 1195 3352 primo
1208 3273 1384 3334 crunnus
1398 3273 1527 3334 titulum
1540 3270 1741 3334 reddidimus.

497 3359 640 3444 Denique
660 3362 819 3443 complura
842 3365 881 3426 de
904 3365 987 3427 curis
1009 3364 1059 3426 his
1082 3364 1283 3428 emendendis
1310 3371 1498 3427 monuerunt
1523 3364 1563 3425 A.
1587 3361 1720 3432 Palmer,
1741 3359 1781 3421 A.
1801 3358 1839 3420 Ε.
1856 3357 2032 3428 Housman,

416 3450 447 3520 Β.
463 3452 502 3521 G.
518 3453 611 3516 Owen
626 3455 748 3537 quibus,
764 3457 844 3518 ucut
857 3475 914 3536 par
926 3464 983 3528 est,
997 3457 1048 3519 hic
1062 3476 1185 3537 quoque
1199 3457 1289 3519 nobis
1303 3457 1421 3536 gratiae
1435 3455 1613 3520 referendae
1628 3459 1709 3516 sunt

496 3547 639 3634 Properti
652 3553 756 3616 textus
770 3549 876 3612 solidis
890 3549 974 3632 typis
987 3550 1185 3614 excudendus
1198 3550 1370 3632 typothetis
1383 3550 1524 3613 redditus
1537 3556 1586 3610 est
1599 3569 1627 3610 a.
1641 3549 1672 3610 d.
1687 3547 1716 3607 V
1729 3544 1802 3607 Kal.
1818 3544 1901 3606 Nou.
1917 3543 2007 3605 1894.

495 3733 695 3807 OVIDIVN,
706 3734 803 3798 totius
816 3735 950 3816 corporis
963 3735 1049 3798 haud
1062 3737 1206 3816 exiguam
1220 3742 1350 3816 partem,
1360 3735 1530 3799 editoribus
1542 3733 1684 3815 pluribus
1697 3729 1877 3792 locauimus.
1917 3730 1950 3789 in
1963 3729 2031 3790 eius

413 3826 506 3890 scidis
526 3827 719 3890 recensendis
737 3829 960 3910 quodquidam
974 3830 1015 3891 cd
1032 3831 1171 3892 carmina
1183 3829 1346 3892 Amatoria
1363 3828 1651 3909 Metamorphoseon
1663 3825 1761 3886 libros
1774 3823 1886 3884 Nastos
1900 3820 2029 3883 Halieu-

411 3921 495 3984 tioon
514 3921 724 4000 fragmentum
742 3922 855 3984 attinet
874 3923 1029 4002 efflatam
1050 3942 1175 4002 operam
1194 3923 1350 4003 praestitit
1362 3921 1518 3984 Alruedus
1531 3921 1568 3982 Ε.
1582 3919 1766 3990 Housmam
1788 3915 1827 3976 de
1841 3914 2030 3976 carminibus

412 4015 571 4076 amatoriis
592 4015 741 4078 nonnulla
760 4016 1000 4079 communicauit
1019 4017 1157 4078 Artums
1178 4016 1312 4078 Palmer.
1353 4015 1479 4096 utrique
1498 4019 1529 4077 et
1548 4031 1604 4094 pro
1620 4011 1710 4072 nobis
1724 4009 1802 4090 ipsis
1816 4013 1849 4069 et
1862 4027 1920 4087 pro
1934 4007 2028 4087 scrip

412 4113 516 4170 torum
530 4107 653 4170 illorum
667 4108 838 4171 editoribus
851 4111 967 4187 gratias
980 4128 1076 4189 quam
1090 4109 1241 4170 maximas
1255 4109 1387 4188 agimus.

494 4199 669 4262 Hnaomss
683 4202 835 4263 recensuit
848 4201 1003 4262 Aarvavs
1017 4202 1161 4263 Panassa
1175 4221 1268 4283 quem
1282 4201 1346 4262 iam
1358 4201 1535 4281 loquentem
1550 4195 1734 4259 inducimus.

495 4292 685 4374 “Epistulae
698 4293 870 4358 Heroidum
889 4295 955 4358 siue
969 4295 1123 4356 Heroides
1144 4294 1249 4375 potius
1269 4300 1344 4356 sunt
1363 4291 1564 4374 appellandae
1584 4289 1731 4352 sescentis
1752 4285 1911 4350 codicibus
1932 4305 2028 4346 manu

414 4385 537 4466 scriptis
550 4386 591 4447 ad
603 4406 660 4448 nos
674 4387 872 4450 deuenerunt.
914 4388 1061 4450 intereos
1075 4387 1210 4467 primum
1225 4386 1326 4448 locum
1340 4386 1458 4447 obtinet

493 4477 522 4540 P
561 4477 654 4542 codex
675 4480 834 4542 Parisinus
855 4479 945 4551 8242,
959 4481 1033 4542 olim
1053 4479 1242 4550 Putesneus,
1257 4501 1277 4541 a
1296 4477 1447 4540 Merkelio
1466 4495 1541 4538 saec
1556 4473 1868 4553 1x‚sSee1msyer0
1887 4489 1963 4532 saec.
1978 4469 2028 4531 XI

413 4571 596 4654 adscriptus.
646 4571 723 4636 folia
745 4572 893 4636 nonnulla
915 4592 952 4636 ex
976 4573 1079 4635 codice
1102 4571 1176 4635 olim
1198 4572 1397 4652 neglegenter
1418 4569 1526 4632 habito
1546 4567 1770 4631 interciderunt
1793 4563 1992 4636 continentia,
2008 4583 2028 4625 a

413 4662 1401 4737 iledii13,iv48ad103,ve⁷adviee,xxltosdfinem.

494 4757 667 4830 Proximus,
681 4757 773 4838 longo
786 4759 840 4822 sed
851 4759 1010 4841 proximus
1023 4757 1189 4820 interuallo
1202 4757 1344 4836 sequitur

494 4851 525 4914 G
564 4851 658 4914 codex
680 4851 943 4934 Guelferbytanus
968 4869 1012 4912 ars
1038 4856 1153 4912 extrav.
1177 4849 1238 4910 260
1260 4869 1336 4910 saec.
1360 4847 1436 4909 XII.
1477 4847 1526 4908 hic
1549 4845 1637 4917 liber,
1658 4863 1850 4926 quamquam
1875 4841 2028 4920 tarragini

413 4942 564 5006 librorum
577 4945 832 5024 interpolatorum
845 4943 1009 5014 antecellit,
1022 4941 1206 5023 corruptelis
1221 4941 1462 5021 correcturisque
1474 4945 1579 5000 tamen
1593 4939 1659 5020 ipse
1673 4943 1778 4999 scatet

496 5037 529 5096 Si
542 5037 759 5118 antiquitatem
772 5037 872 5100 solum
886 5043 1104 5118 spectaremur,

494 5129 522 5189 Ε
562 5131 737 5209 fragmento
751 5132 899 5193 Etonenai
915 5131 1000 5192 locus
1017 5128 1141 5190 dandus
1157 5133 1232 5190 erat.
1275 5145 1384 5189 uerum
1403 5126 1457 5186 uix
1476 5125 1536 5186 diii
1555 5130 1658 5206 potest
1672 5143 1766 5204 quam
1785 5122 1876 5184 foede
1892 5122 2028 5184 isoodex

412 5229 576 5303 eomrptus
589 5223 853 5304 interpolatusque
867 5225 917 5294 sit,
928 5224 973 5284 ita
986 5227 1024 5283 ut
1036 5223 1214 5300 fragmento
1228 5220 1268 5282 ab
1283 5219 1324 5280 vii
1340 5218 1398 5279 155
1413 5217 1573 5298 deperdito
1586 5217 1678 5278 tseile
1691 5236 1793 5278 carere
1807 5215 2026 5296 potuissemus.

495 5317 620 5378 Praeter
634 5316 661 5376 P
671 5317 701 5379 G
712 5317 739 5376 Ε
754 5316 870 5378 codices
884 5315 1015 5377 subinde
1028 5315 1189 5376 nominaui

495 5409 525 5470 V
565 5409 692 5471 schedas
705 5409 968 5478 Vindobonenses,
983 5408 1068 5469 haud
1082 5407 1209 5488 pessimi
1223 5405 1336 5468 codicis
1349 5405 1569 5485 fragmentum.
1611 5403 1721 5487 incipit
1734 5422 1754 5464 a
1765 5423 1785 5464 x
1800 5401 1848 5464 14.
