4976 6356
780 1037 1205 1150 IOHANNES
1268 1043 1317 1150 P.
1384 1042 1808 1155 POSTGATE

926 1279 1233 1392 LECTORI
1287 1284 1667 1396 BENEVOLO

1116 1524 1479 1634 SALVTEM

612 1811 672 1878 ΟΝ
679 1833 797 1878 nouum
805 1833 905 1896 neque
914 1814 1107 1878 uastumhoc
1120 1817 1254 1898 corporis
1263 1838 1360 1898 genus
1369 1817 1466 1880 amori
1477 1823 1572 1900 atque
1580 1817 1724 1901 amplexu
1736 1824 1803 1894 tuo,
1811 1819 1923 1886 Ieetor
1934 1821 2098 1896 Beneucle,

501 1813 601 2029 N
632 1907 892 1980 commendamus,
914 1929 1025 1972 uerum
1045 1911 1192 1992 exemplis
1211 1911 1273 1973 iam
1293 1913 1467 1994 probatum,
1487 1931 1547 1974 usu
1569 1919 1665 1994 atque
1685 1913 1905 1977 commoditate
1924 1914 2097 1978 laudatum.

632 2003 687 2084 qui
707 2008 813 2066 tamen
831 2003 859 2065 si
876 2002 1010 2066 fortasse
1030 2003 1153 2065 miraris
1171 2005 1255 2066 intra
1271 2025 1322 2066 sex
1340 2024 1436 2068 annos
1456 2005 1519 2066 tria
1535 2011 1697 2086 poetarum
1715 2003 1899 2068 Iatinorum
1920 2026 2048 2088 corpora
2065 2007 2099 2068 in

489 2095 589 2158 lucem
612 2095 800 2177 prouenisse,
821 2093 958 2158 Iondini
977 2114 1005 2157 a.
1028 2094 1109 2158 1827
1131 2095 1240 2158 edente
1261 2097 1347 2158 Wrn.
1371 2097 1401 2159 S.
1422 2097 1575 2159 Wsuua
1610 2097 1743 2177 (conlegi
1767 2097 1862 2161 huius
1884 2099 1915 2162 S.
1937 2100 2099 2164 Trinitatis

490 2197 521 2250 et
533 2190 601 2270 ipso
611 2190 737 2252 alumno
747 2209 783 2251 ac
794 2189 899 2268 socio),
910 2188 1087 2252 Florentiae
1103 2189 1206 2268 (annis
1221 2187 1418 2268 leur-1829),
1429 2189 1627 2252 Franooiurti
1639 2189 1681 2252 ad
1693 2189 1844 2252 Moenum
1857 2212 1884 2254 a
1897 2191 1977 2255 1883
1991 2192 2100 2256 edente

492 2283 574 2344 Wrn.
589 2283 627 2344 Ε.
640 2283 779 2354 Wnarn,
792 2283 876 2344 intra
889 2281 947 2344 hos
961 2282 1121 2362 sexaginta
1132 2301 1170 2344 ne
1180 2301 1279 2342 unum
1293 2281 1427 2362 quidem,
1441 2282 1564 2344 miraris
1578 2301 1645 2344 rem
1657 2302 1721 2344 ncn
1734 2282 1903 2347 admodum
1915 2286 2098 2348 mirandam.

490 2380 597 2436 tantus
610 2375 693 2437 enim
702 2381 830 2456 tamquo
843 2374 993 2438 adsiduus
1003 2375 1037 2436 in
1051 2375 1182 2454 singulis
1192 2375 1290 2456 poetis
1300 2374 1479 2446 excolendis,
1490 2394 1546 2436 nec
1557 2375 1728 2437 mehercule
1740 2376 1806 2439 sine
1816 2378 1928 2456 grandi
1938 2385 2098 2459 proventu,

490 2469 629 2528 uirorum
646 2469 806 2536 doctorum
823 2466 991 2530 desudsuit
1008 2467 1201 2547 desudatque
1217 2466 1311 2537 labor,
1329 2471 1367 2528 ut
1386 2485 1493 2530 omues
1512 2488 1574 2531 unc
1595 2469 1684 2531 uelut
1703 2469 1787 2532 fasce
1807 2471 1951 2552 colligare
1971 2473 2100 2534 uixdum

489 2562 655 2624 uacauerit.
691 2561 774 2644 quod
798 2561 903 2642 ipsum
930 2559 1017 2622 baud
1035 2561 1096 2624 scio
1120 2580 1161 2621 an
1182 2559 1339 2622 commode
1366 2561 1520 2624 euencrit:
1557 2581 1637 2642 quae
1661 2561 1744 2624 enim
1772 2562 1828 2625 illa
1855 2565 1965 2627 messis
1991 2565 2100 2627 futura

490 2660 570 2716 esset
582 2673 663 2736 quae
676 2659 793 2716 careret
806 2653 1069 2716 lachmannianis
1082 2657 1114 2714 et
1127 2651 1372 2724 Baehrensianis,
1386 2657 1424 2713 ut
1437 2651 1513 2715 alios
1527 2656 1682 2726 omittam,
1696 2653 1878 2718 laboribus?

569 2747 609 2808 In
623 2748 682 2810 hoc
697 2765 788 2828 opere
804 2753 912 2810 nostro
932 2745 1069 2828 primum
1083 2743 1162 2806 illud
1175 2745 1406 2808 memorandum
1420 2746 1506 2827 quod
1524 2747 1657 2809 aliorum
1671 2767 1724 2809 uu.
1740 2747 1792 2810 dd.
1807 2749 1923 2812 auxilia
1935 2749 2099 2814 aderimu-

489 2859 569 2903 mus.
609 2861 689 2922 quae
703 2841 730 2902 si
744 2859 807 2903 non
820 2839 1006 2909 adfuissent,
1023 2837 1112 2900 nulla
1131 2857 1199 2918 spes
1215 2837 1327 2900 fuisset
1340 2837 1382 2900 ad
1399 2837 1492 2901 finem
1511 2839 1722 2918 perducendae
1736 2839 1781 2902 rei
1794 2847 1909 2903 natura
1922 2862 1978 2904 sua
1990 2841 2099 2923 utique

490 2934 596 2996 tardae
610 2940 642 2996 et
652 2934 764 2997 crebris
775 2931 1055 2996 intermissionibus
1065 2929 1218 2994 tardioris.
1247 2931 1332 2992 uiros
1340 2929 1446 2994 doctos
1458 2949 1536 3013 quos
1546 2930 1589 2993 ad
1597 2931 1696 3011 partis
1709 2931 1901 3007 uocauimm,
1911 2935 2047 3016 primurn
2061 2935 2100 2998 de

490 3027 587 3089 totius
609 3027 744 3109 corporis
762 3025 881 3089 ratione
899 3024 1048 3088 instituta
1066 3023 1234 3094 docuimus,
1253 3022 1363 3084 deinde
1380 3022 1413 3084 in
1434 3025 1497 3084 suis
1515 3043 1669 3105 quemque
1688 3025 1770 3087 curis
1790 3026 1896 3107 siquid
1914 3027 2099 3090 mutandum

490 3119 541 3180 uel
553 3119 615 3180 alio
633 3120 726 3182 modo
744 3119 936 3182 efferendum
950 3117 1110 3180 uideretur
1127 3115 1320 3190 monuimus;
1340 3116 1454 3177 horum
1473 3117 1501 3178 si
1519 3117 1623 3178 minus
1637 3116 1758 3198 aliquid
1775 3117 1868 3182 alicui
1881 3120 2099 3200 persuasimus,

489 3210 604 3273 instare
624 3212 792 3284 noluimus,
811 3231 883 3274 cum
903 3211 1002 3274 socios
1022 3229 1074 3272 eos
1094 3213 1187 3289 atque
1206 3207 1370 3280 adiutores,
1389 3228 1452 3272 non
1467 3209 1597 3274 asseclas
1618 3217 1650 3274 et
1667 3217 1791 3276 nostrae
1810 3213 1895 3276 uocis
1913 3217 2003 3296 quasi
2022 3216 2099 3278 ima·

490 3303 577 3382 gines
595 3305 684 3366 nobis
703 3320 969 3385 comparassemus
989 3307 1022 3366 et
1041 3319 1149 3364 aecum
1170 3319 1292 3382 quoque
1311 3307 1391 3364 esset
1411 3321 1546 3384 quorum
1563 3303 1689 3367 nomine
1706 3311 1802 3386 atquc
1820 3308 2005 3370 auctoritate
2022 3328 2100 3389 opus

489 3397 616 3476 aliquod
638 3397 830 3477 uulgaretur,
854 3416 949 3478 penes
970 3414 1023 3458 eos
1042 3413 1110 3458 esse
1128 3393 1274 3456 ultimum
1293 3395 1331 3457 de
1352 3395 1445 3457 rebus
1466 3395 1570 3458 dubiis
1588 3395 1747 3458 iudicium.
1789 3398 1944 3461 editorum
1965 3401 2046 3463 inter
2067 3421 2100 3463 sc

488 3489 711 3552 dissimilitudo
724 3509 819 3571 quam
831 3489 867 3550 in
885 3487 1017 3568 singolis
1029 3486 1172 3568 partibus
1190 3485 1300 3550 edendi
1313 3487 1496 3550 uarietatem
1514 3490 1677 3568 pepererit,
1691 3489 1780 3551 uelut
1798 3511 1869 3553 cum
1882 3491 1936 3554 alii
1953 3493 2023 3554 aliis
2037 3514 2099 3556 cre·

488 3580 574 3644 brius
584 3589 763 3655 ceterorum,
771 3583 955 3664 praesertim
965 3580 1180 3651 recentiorum,
1191 3579 1304 3659 placita
1313 3580 1497 3642 nominatim
1507 3580 1676 3661 adpellant,
1686 3601 1787 3662 neque
1797 3583 1980 3664 singillatim
1990 3586 2099 3648 multis

487 3674 591 3736 uerbis
604 3675 718 3738 referre
736 3694 846 3756 operae
864 3673 1002 3755 pretium
1020 3677 1114 3736 estet
1131 3677 1177 3742 tu,
1190 3671 1309 3744 Lector,
1322 3671 1414 3736 facile
1432 3693 1469 3736 cx
1482 3673 1552 3754 ipso
1571 3693 1662 3755 opere
1676 3675 1859 3756 perspicies:
1879 3677 1920 3738 ad
1938 3677 1992 3739 illa
2004 3679 2098 3740 uelim

488 3766 626 3828 animum
640 3765 783 3829 attendas
797 3766 912 3848 quibus
921 3765 1061 3828 instituti
1071 3765 1169 3828 nostri
1180 3784 1302 3828 summa
1312 3767 1493 3828 continetur.
1521 3765 1658 3848 primum
1668 3767 1702 3828 id
1712 3767 1773 3848 ipsi
1783 3769 1904 3848 egimus
1918 3769 2049 3851 aliisque
2062 3779 2099 3834 ut

487 3866 613 3941 agerent
619 3861 829 3942 praecepimus
836 3866 874 3922 ut
882 3859 1135 3941 quodinoptimis
1141 3879 1235 3920 manu
1241 3859 1534 3940 scriptisccdicibns,
1540 3864 1666 3940 excepto
1672 3859 1836 3922 dumtaxat
1842 3861 2098 3942 siquidmemora·

487 3958 523 4015 tu
534 3972 660 4033 prorsus
674 3953 838 4034 indignum
851 3954 1021 4024 uideretur,
1031 3951 1183 4014 traditum
1193 3957 1284 4022 extet,
1294 3952 1327 4012 id
1337 3952 1396 4014 tibi
1409 3953 1476 4014 siue
1489 3953 1524 4014 in
1537 3958 1625 4014 textu
1635 3953 1701 4016 siue
1711 3953 1745 4014 in
1755 3955 1984 4016 commentariis
1999 3959 2098 4020 textui

487 4047 633 4108 subiectis
648 4053 721 4110 ante
739 4046 844 4110 oculos
858 4047 1048 4109 exhibeatur.
1082 4046 1191 4125 inquo
1211 4045 1237 4105 si
1250 4045 1416 4124 aliquando
1434 4045 1506 4126 plus
1524 4045 1620 4108 etiam
1632 4065 1727 4126 quam
1746 4047 1919 4127 speraueria
1933 4047 2097 4123 inueneris,

486 4137 566 4204 banc
579 4140 699 4220 copiam
712 4159 787 4204 caue
800 4140 895 4202 nimis
908 4137 1124 4221 reprehendas.
1159 4157 1228 4200 cum
1242 4139 1324 4200 enim
1338 4136 1455 4199 nullius
1468 4156 1531 4198 non
1544 4138 1703 4218 scriptoris
1717 4137 1776 4200 loci
1788 4137 1972 4220 perplurimi
1985 4161 2048 4204 uon
2061 4164 2097 4206 er

486 4233 625 4296 codicum
646 4235 770 4315 integro
790 4231 971 4296 testimonio
991 4231 1046 4294 sed
1065 4251 1102 4293 er
1122 4249 1228 4292 eorum
1247 4230 1400 4292 erroribus
1420 4229 1618 4311 deprehensis
1638 4231 1770 4294 amandi
1790 4231 1862 4304 sint,
1876 4252 1940 4296 non
1959 4233 2097 4298 alienum

485 4323 629 4390 duximus
640 4335 717 4408 quot
727 4327 904 4409 quibusque
917 4323 1019 4388 modis
1033 4345 1053 4388 a
1064 4323 1200 4386 librariis
1212 4329 1354 4404 peccetur
1367 4323 1514 4404 exemplis
1527 4323 1686 4386 nonnullis
1699 4322 1751 4386 hic
1764 4323 1830 4388 illic
1839 4325 1955 4390 docere.
1988 4347 2050 4409 quc
2063 4327 2097 4390 in

484 4437 594 4497 genere
620 4417 737 4484 tirones
763 4415 808 4483 rei
835 4419 960 4482 criticae
987 4435 1082 4499 quam
1108 4423 1221 4480 uocant
1247 4417 1410 4498 diligenter
1436 4416 1623 4480 admonendi
1650 4424 1725 4481 sunt
1751 4435 1791 4482 ne
1819 4419 1875 4501 qui
1901 4420 2096 4484 diuerwrum

485 4513 675 4576 saeculorum
688 4513 866 4577 locorumue
879 4530 997 4574 errores
1011 4511 1075 4572 sint
1087 4509 1168 4572 inter
1180 4530 1213 4572 se
1230 4511 1423 4573 confundant
1436 4529 1472 4574 ac
1481 4511 1696 4592 permisceant.
1730 4529 1805 4574 nam
1818 4511 1956 4576 multum
1967 4514 2097 4577 intorem

484 4613 590 4668 utrum
607 4607 648 4668 ab
665 4608 790 4670 homine
810 4605 893 4668 Italo
916 4625 958 4668 an
978 4622 998 4666 a
1017 4604 1181 4676 Germano,
1202 4611 1308 4666 utrum
1329 4603 1447 4668 decimo
1464 4609 1535 4685 post
1554 4603 1626 4667 (ihr.
1648 4609 1759 4666 natum
1780 4605 1901 4668 saeculo
1921 4626 1962 4668 an
1985 4607 2096 4687 quinto

483 4698 600 4760 decimo
617 4700 711 4763 codex
729 4698 845 4781 aliquis
862 4699 1038 4779 descriptus
1056 4697 1107 4758 sit.
1148 4696 1243 4758 altero
1260 4696 1327 4759 loco
1344 4716 1416 4760 cum
1434 4696 1524 4760 nobis
1541 4696 1626 4776 ipsis,
1642 4701 1713 4758 tum
1732 4698 1821 4762 sociis
1841 4699 1998 4778 agendum
2014 4699 2094 4762 illud

482 4794 699 4872 proposuimus
711 4799 748 4855 ut
758 4794 897 4854 uirorum
910 4791 1071 4854 doctorum
1082 4789 1323 4852 coniecturarum
1335 4790 1468 4852 maxime
1485 4789 1695 4870 probabilium
1708 4792 1789 4854 ratio
1802 4812 1839 4856 ac
1851 4791 1989 4854 delectus
2001 4792 2094 4856 habe·

482 4893 567 4961 retur
586 4894 684 4966 utque
704 4905 785 4966 quae
805 4884 993 4948 certissimae
1013 4881 1197 4946 uiderentur
1210 4882 1416 4963 reciperentur
1434 4883 1467 4942 in
1484 4889 1613 4953 textum,
1627 4883 1727 4946 bonae
1745 4884 1802 4946 sed
1820 4885 1925 4947 minus
1942 4891 2042 4948 certae
2059 4888 2094 4950 in

482 4979 680 5041 adnotatione
693 4984 1016 5041 commemorarentur.
1045 4975 1148 5037 heaut
1158 4975 1222 5036 suis
1235 4994 1375 5054 quaeque
1385 4975 1562 5036 auctoribus
1572 4973 1836 5048 adtribuerentur,
1845 4977 1976 5038 curaeio
1985 4979 2094 5059 primis

481 5069 556 5148 iuit3
575 5073 659 5152 quod
668 5078 774 5134 tamen
784 5091 840 5152 per
849 5071 1000 5133 librorum
1011 5068 1248 5148 libellonsmque
1255 5068 1416 5130 doctorum
1426 5087 1523 5148 paene
1532 5064 1687 5128 infinitam
1694 5067 1931 5131 multitudinem
1940 5070 2094 5136 difficilius

481 5183 547 5226 esse
560 5183 651 5226 nemo
665 5164 728 5226 iam
745 5165 845 5226 nescit
857 5165 986 5246 peritus.
1028 5168 1075 5225 est
1093 5160 1186 5224 etiam
1200 5159 1262 5222 alia
1273 5159 1307 5222 in
1320 5159 1518 5222 adnotatione
1535 5158 1642 5222 critica
1655 5161 1795 5222 uirorum
1813 5161 1975 5224 doctorum
1987 5164 2092 5244 adpel-
2177 5155 2180 5163 ’

480 5247 556 5318 latio
569 5275 663 5337 supra
675 5257 739 5319 iam
751 5262 931 5328 memorata,
946 5275 1018 5318 cum
1031 5254 1155 5316 nomine
1167 5251 1297 5315 alicuius
1311 5251 1438 5314 laudato
1451 5253 1531 5314 hanc
1544 5251 1596 5313 uel
1613 5249 1700 5314 illam
1717 5253 1881 5316 lectionem
1894 5255 1969 5317 huic
1981 5256 2032 5318 uel
2045 5257 2093 5319 illi

480 5349 548 5426 uiro
560 5349 711 5429 placuisse
724 5350 925 5428 significatur.
953 5349 1049 5410 huius
1062 5343 1227 5408 mentionis
1240 5343 1281 5408 ab
1291 5342 1345 5407 illa
1357 5343 1449 5407 facile
1462 5344 1701 5424 distinguendae
1714 5345 1854 5426 exemplo
1868 5349 1932 5410 sint
1944 5348 2093 5412 adnotata

480 5441 520 5504 ad
534 5443 592 5506 Ou.
602 5443 673 5504 Mes.
685 5443 715 5504 V
726 5441 794 5503 662.
837 5448 973 5504 ceterum
988 5446 1091 5503 errata
1104 5441 1169 5502 siue
1182 5439 1220 5501 de
1232 5439 1463 5501 emendatorum
1477 5436 1658 5500 nominibus
1672 5458 1727 5502 seu
1740 5439 1925 5502 lectionibus
1938 5441 2092 5508 immerito
