4950 6434
468 437 518 488 862
919 434 951 487 P.
979 433 1092 487 OVIDI
1113 433 1281 488 NASONIS
1301 431 1471 486 AMORVM
1490 431 1564 484 ΜΒ.
1590 430 1626 482 ΙΙ

500 597 611 651 inicium
624 595 748 650 dominas
759 596 788 650 in
801 613 863 650 mea
873 597 935 650 iura
945 612 1052 650 manus.
1219 611 1252 662 30
1335 595 1435 648 miluus
1446 599 1475 647 st
1485 594 1596 670 pluuias
1607 595 1735 662 graculus
1747 599 1843 649 auctor
1853 612 1959 664 aquae:

468 663 535 717 haec
546 662 598 715 tibi
608 667 673 714 sunt
685 677 801 724 mecum,
810 661 879 714 mihi
890 667 957 714 sunt
967 660 1125 714 communia
1136 665 1224 714 tecum
1235 684 1241 714 :
1301 659 1375 714 uiuis
1384 665 1413 712 st
1423 659 1567 736 enutrieras
1577 659 1671 736 cornix
1682 660 1774 714 inuisa
1784 661 1937 723 Mineruae,
2048 667 2079 726 35

501 728 613 782 inbona
623 743 671 780 cur
682 725 744 794 quis
764 742 829 779 unm
841 725 940 779 tertius
951 725 1129 778 ietauenitt'
1333 722 1935 791 iliaquudemaaechsuixmoritnranouem

468 793 535 846 haec
546 809 605 858 ego,
618 807 742 860 quaeque
773 790 831 843 olor
841 789 953 856 linguae
964 789 1091 842 dictauit.
1126 794 1157 846 at
1169 789 1210 843 illi
1302 787 1401 842 occidit
1410 787 1460 840 illa
1470 787 1571 854 loquax
1582 787 1720 840 humanae
1730 790 1806 841 nucia
1817 790 1917 856 imago,

500 857 607 910 conscia
618 872 768 924 purpureus
781 855 859 907 uenit
870 855 899 906 in
911 869 959 907 ora
970 853 1067 922 pudor,
1334 853 1478 919 psittacus,
1490 857 1613 904 extremo
1624 868 1725 904 munus
1737 851 1774 904 ab
1784 853 1849 906 orbe
1860 854 1966 908 datum.

468 921 551 989 quale
561 921 710 974 coloratum
722 919 834 972 Tithoni
846 919 961 984 coniuge
973 917 1082 971 caelum
1219 932 1250 986 35
1302 917 1405 986 optima
1416 916 1503 982 prima
1512 916 1568 968 iere
1579 916 1706 968 manibus
1717 917 1862 984 rapiuntur
1871 919 1981 972 sunu:

501 985 640 1047 subrubet,
653 982 991 1053 autsponsnuiaapuella
1002 998 1091 1035 nouo:
1335 981 1473 1056 inplentur
1484 981 1604 1034 numeris
1612 981 1748 1034 deteriora
1758 982 1824 1034 auis.
2048 997 2082 1046 4⁰

468 1050 550 1118 quale
561 1066 636 1103 rosae
647 1050 755 1116 fulgent
766 1050 838 1102 inter
849 1063 901 1100 sua
911 1046 971 1099 lilia
983 1047 1097 1110 mune,
1303 1047 1393 1100 tn'stta
1406 1044 1572 1112 Phylacidae
1584 1045 1724 1098 Thersites
1735 1046 1834 1098 iuuere
1844 1045 1932 1099 uidit:

501 1120 550 1167 aut
561 1114 609 1167 ubi
619 1114 739 1167 canatis
751 1114 818 1166 luna
829 1113 937 1165 laborat
948 1111 1036 1180 equis,
1334 1112 1443 1177 umque
1454 1109 1532 1170 cinis,
1544 1110 1618 1162 uiuis
1629 1110 1768 1172 iratribus,
1783 1110 1886 1164 Hector
1896 1117 1963 1163 eret.

468 1176 1162 1308 scultetus?liuentissime·
1218 1258 1252 1306 ,0
1302 1174 1619 1306 liidiltfflltss
1628 1175 1981 1306 mumulo

468 1306 512 1359 his
523 1313 582 1358 erat
592 1313 641 1358 aut
652 1307 734 1359 alicui
745 1306 818 1358 color
828 1306 876 1360 ille
887 1305 1046 1358 simillimus
1059 1306 1165 1368 horum,
1302 1306 1417 1372 septima
1428 1304 1476 1356 lux
1488 1303 1574 1366 uenit,
1587 1319 1642 1356 non
1654 1303 1812 1358 exhibitura
1822 1311 1991 1372 sequentem,
2048 1317 2080 1370 45

500 1377 529 1423 et
540 1387 689 1438 numquam
701 1373 765 1423 nisu
778 1370 914 1438 pulchrior
925 1370 975 1423 illa
985 1370 1048 1424 luit.
1334 1377 1362 1422 et
1373 1368 1465 1422 atabtu
1475 1385 1563 1422 uacuo
1573 1369 1629 1422 iam
1641 1368 1692 1422 tibi
1705 1369 1791 1420 Parca
1802 1369 1868 1420 colo.

468 1435 610 1502 spectabat
621 1443 736 1488 terram:
754 1443 856 1489 terram
867 1443 989 1503 spectare
1001 1435 1124 1488 decebat
1302 1451 1351 1488 nec
1363 1441 1454 1486 tantm
1466 1433 1566 1502 ignauo
1577 1439 1743 1501 stupuerunt
1753 1434 1839 1486 uerba
1851 1432 1959 1500 palato:

500 1507 606 1554 mnata
615 1506 675 1554 erat
685 1501 715 1553 in
726 1500 824 1553 uultu:
843 1505 949 1554 icamia
960 1499 1088 1554 decenter
1100 1505 1165 1552 erut.
1334 1499 1465 1552 clamauit
1477 1499 1594 1552 moriens
1604 1498 1700 1564 lingua
1713 1504 1719 1526 ¹
1730 1499 1859 1559 Corinna,
1873 1497 1955 1550 ualc.’

468 1565 539 1617 sicut
550 1571 628 1618 erant
640 1571 678 1627 (et
688 1571 767 1618 erunt
779 1565 867 1627 culti),
881 1565 986 1617 laniare
997 1565 1112 1631 capillos
1218 1582 1233 1628 4
1237 1579 1250 1630 5
1302 1565 1370 1617 colle
1382 1563 1434 1616 sub
1445 1563 1539 1630 Elysio
1549 1564 1628 1630 nigra
1638 1579 1735 1616 nemus
1747 1563 1809 1615 ilica
1821 1562 1939 1624 irondet,

499 1635 528 1681 et
539 1629 593 1705 init
603 1630 632 1682 in
641 1637 752 1706 'teneras
762 1629 1035 1706 impetusiregenaa.
1318 1630 1584 1746 ‘ndazueperp’c'tuo
1595 1629 1718 1696 minine
1730 1635 1803 1680 terra
1813 1628 1906 1704 uitet..
2050 1640 2082 1692 5ο

467 1699 500 1746 ut
511 1693 608 1746 lactem
619 1694 686 1755 uidi,
699 1695 784 1746 iortes
796 1693 916 1746 cecidere
927 1691 1039 1746 lacerti:
1302 1709 1382 1762 siqua
1411 1693 1459 1746 des
1470 1693 1508 1745 du
1527 1708 1569 1755 trs,
1580 1693 1723 1746 uolucrum
1735 1694 1810 1744 locus
1821 1692 1868 1744 ille
1881 1707 1987 1758 piarum

500 1758 612 1811 dolense
622 1764 664 1812 est
674 1758 757 1810 armis
768 1763 862 1811 nostra
873 1756 966 1824 puella
977 1757 1042 1808 suis.
1334 1759 1442 1819 dicitnr,
1456 1757 1587 1810 obscenae
1599 1773 1654 1825 qno
1666 1756 1842 1824 prohibentur
1852 1772 1927 1809 aues.

467 1823 516 1890 qui
527 1823 608 1875 modo
618 1838 717 1874 seeum
728 1839 812 1882 emm,
825 1820 942 1888 supplex
954 1821 1084 1888 ultroque
1095 1820 1200 1888 rogaui,
1302 1822 1358 1875 illic
1369 1821 1478 1874 innocui
1491 1821 1547 1874 late
1558 1827 1707 1898 pascumur
1718 1821 1814 1882 olores,

500 1887 594 1939 oscula
604 1903 638 1939 ne
650 1886 728 1938 nobis
739 1886 874 1939 deteriora
884 1885 970 1939 daret.
1220 1898 1252 1951 5ο
1334 1887 1458 1940 etuiuax
1470 1886 1596 1953 phoenix,
1611 1887 1692 1938 unica
1703 1887 1888 1952 sempersuis.

467 1950 528 2004 risit
539 1957 568 2004 st
579 1967 612 2003 ex
625 1951 715 2003 aninlo
726 1950 802 2003 dedit
813 1951 926 2018 optima,
940 1949 1036 2018 qualia
1047 1955 1159 2018 possent
1302 1951 1440 2018 explicati
1502 1967 1566 2004 suas
1577 1951 1634 2003 ales
1647 1951 1765 2003 lunonis
1776 1951 1892 2017 pinnas3
2049 1961 2080 2016 55

499 2021 627 2068 excutere
638 2015 709 2067 irate
720 2015 777 2068 tela
788 2015 903 2068 trisulca
915 2013 984 2067 loui.
1334 2015 1427 2068 escula
1456 2021 1486 2068 at
1497 2016 1595 2082 cupido
1606 2015 1709 2068 blanda
1720 2014 1848 2067 columba
1858 2015 1934 2068 muri.

467 2083 595 2146 torqueor
605 2079 711 2141 infelix,
724 2096 759 2132 ne
770 2089 829 2133 tam
841 2081 913 2132 bona
923 2078 1041 2132 senserit
1052 2078 1132 2140 alter,
1303 2081 1435 2147 psittacus
1447 2080 1497 2134 has
1508 2081 1580 2134 inter
1590 2079 1722 2133 nemorali
1734 2079 1799 2132 aede
1810 2086 1934 2147 receptus

499 2150 529 2196 et
540 2145 603 2197 nolo
614 2160 668 2197 non
679 2160 714 2198 ex
724 2144 775 2197 hac
786 2144 836 2196 illu
846 2144 933 2197 inisse
944 2150 1017 2196 nota
1334 2145 1470 2198 conuertit
1481 2145 1604 2198 uolucres
1616 2145 1645 2197 in
1656 2160 1709 2197 sus
1719 2144 1804 2197 uerba
1815 2144 1882 2210 pisa

468 2208 536 2262 baec
547 2224 583 2276 qu
620 2225 663 2270 ue,
676 2225 759 2276 quarn
771 2209 859 2270 docui,
873 2208 963 2260 multo
974 2207 1089 2261 meliora
1099 2208 1220 2270 fuerunt,
1302 2225 1363 2262 osas
1375 2210 1444 2272 teuit
1455 2210 1588 2270 tumulus,
1601 2210 1728 2262 tumulus
1740 2225 1788 2275 pro
1799 2225 1831 2261 co
1880 2223 1909 2262 re
1920 2223 2045 2276 magnus,

500 2273 605 2340 etquid
624 2290 669 2326 am
680 2273 741 2326 uisa
752 2279 795 2325 cst
805 2272 969 2326 addidicisse
981 2275 1054 2326 noui.
1234 2275 1251 2324 6
1334 2291 1388 2342 quo
1399 2274 1468 2341 lapis
1479 2275 1596 2340 exiguus
1607 2291 1656 2342 par
1667 2274 1719 2326 sibi
1731 2290 1840 2325 mnnen
1889 2273 1949 2334 bet;
2047 2275 2081 2324 60

467 2337 540 2414 quod
548 2337 662 2390 nimium
669 2337 803 2414 placuere,
811 2337 916 2390 malum
923 2343 979 2390 est:
992 2337 1065 2404 qnod
1075 2287 1251 2414 totelsbeliis
1302 2351 1446 2392 couuruon
1458 2351 1498 2392 nx
1510 2351 1573 2391 rnsc
1585 2350 1725 2391 nonnula
1737 2350 1895 2390 rancvrsss
1905 2347 2061 2390 sarvncno.

499 2401 594 2468 lingua
605 2407 655 2455 tus
665 2407 707 2454 est
718 2407 828 2463 uostris,
841 2409 936 2454 nostra
947 2409 1058 2469 recepta
1069 2409 1134 2454 tuis.
1335 2416 1395 2457 olm
1408 2415 1503 2456 l'vaalt
1515 2415 1585 2457 utut
1598 2415 1669 2456 Ptvs
1681 2414 1741 2456 Avi:
1753 2414 1851 2456 Dot'rn
1863 2413 1959 2464 toQt'l.

463 2482 517 2519 nec
528 2473 621 2519 tumen
633 2466 684 2519 hoc
695 2482 782 2519 unum
792 2465 880 2528 doleo,
894 2482 950 2520 non
961 2466 1056 2519 oscula
1068 2472 1179 2519 tanturn

467 2531 1248 2664 nlultlllttlutttltldttllffl‘¹¹²⁰‘tl
1664 2609 1721 2662 vn

499 2661 652 2729 nescioquis
663 2660 782 2729 pretium
794 2677 862 2729 gran
882 2677 898 2715 e
909 2659 1040 2728 magister
1051 2659 1144 2714 habet

1304 2723 1375 2792 Ergo
1385 2723 1517 2778 sufficiam
1528 2741 1590 2778 reus
1602 2725 1631 2778 in
1642 2741 1716 2778 noua
1726 2724 1842 2778 crimina
1852 2727 1976 2792 semper!

1334 2795 1367 2842 ut
1378 2789 1496 2852 uincam,
1509 2790 1610 2843 totiena
1621 2790 1777 2843 dimicuisse
1787 2789 1871 2857 piget

840 2867 881 2920 v1
1302 2853 1370 2971 sinerii
1371 2870 1421 2930 ego
1432 2854 1574 2971 marutiitorei
1585 2855 1695 2971 respfflxil
1702 2870 1822 2972 summlsinu
1821 2853 1932 2952 theatri,

468 2981 615 3058 Psittacus,
630 2981 695 3034 Eois
706 2969 842 3058 imitatrix
853 2980 912 3036 ales
924 2980 960 3035 ab
972 2981 1060 3044 ludia,
1303 2934 1479 3059 meacm}
1491 2935 1658 3060 taitiioutliiciit
1669 2935 1826 3036 ggrffim
1833 2957 1929 3045 uultu,
2065 2995 2079 3049 5

468 3110 474 3122 ι
499 3046 613 3100 occidit:
631 3062 762 3114 exequias
774 3052 813 3098 tte
824 3045 990 3124 frequenter,
1005 3062 1081 3099 aues.
1335 3063 1364 3099 ιιι
1375 3047 1457 3100 uultu
1465 3053 1825 3116 tectasergmaessenotaa

467 3115 515 3172 rte,
528 3111 589 3178 piae
600 3111 732 3172 uolucres,
746 3116 775 3164 et
786 3110 908 3178 plangite
920 3117 1031 3178 pectora
1043 3109 1135 3178 pinnis
1303 3111 1410 3180 siquam
1420 3111 1543 3175 laudaui,
1556 3113 1654 3166 misero
1665 3114 1736 3181 petis
1747 3129 1840 3180 unque
1851 3111 1980 3181 capillos:

498 3181 528 3228 et
539 3175 627 3243 rigido
637 3182 746 3229 teneras
758 3191 850 3242 ungue
862 3181 959 3228 notate
971 3191 1064 3243 genus.
1334 3175 1358 3229 si
1369 3177 1456 3244 culpo,
1470 3177 1570 3231 οιίιιιοιι
1583 3177 1755 3231 dissimulare
1766 3183 1856 3245 putea

466 3239 576 3293 horrida
587 3257 635 3307 pro
646 3239 758 3293 maestis
769 3239 890 3293 lanietur
901 3240 997 3307 pluma
1009 3238 1126 3307 capillis,
1236 3252 1250 3307 5
1302 3240 1361 3294 siue
1373 3241 1459 3294 bonus
1470 3242 1543 3295 color
1554 3247 1605 3304 est,
1618 3243 1646 3294 in
1658 3248 1687 3294 te
1697 3258 1806 3310 quoque
1816 3240 1933 3309 frigidus
1944 3257 2021 3303 esse3

497 3304 638 3372 prolonga
649 3310 776 3358 resonent
788 3305 912 3357 carmina
923 3304 1105 3356 uestratuba
1334 3321 1382 3358 seu
1394 3306 1491 3368 malus,
1506 3306 1808 3360 alterinsdicoramore
1818 3306 1895 3359 mori
2050 3321 2081 3358 ιο

465 3369 537 3436 quod
550 3369 638 3422 scelus
650 3369 757 3447 Ismasii
765 3369 899 3446 quereris,
913 3369 1076 3446 Philomela,
1091 3369 1212 3436 tyranni,
1302 3375 1385 3438 atque
1396 3387 1446 3438 ego
1457 3372 1561 3447 peccati
1573 3371 1673 3425 uellem
1685 3371 1754 3449 mihi
1763 3372 1889 3424 musciua
1900 3387 2004 3424 asem:

466 3432 1078 3576 nttlll‘td‘lttltlllffdtll...
1301 3435 2069 3578 ..utttffdulu’nuntiantium...

498 3580 607 3630 magna,
619 3563 668 3616 sed
679 3569 796 3630 antiqua
806 3569 849 3616 est
860 3579 945 3617 causa
956 3562 1058 3615 doloris
1071 3563 1139 3628 Itys.
1221 3579 1251 3615 ιο
1333 3581 1394 3632 ipsa
1404 3572 1563 3618 uetasrram
1575 3566 1892 3633 pondusllaberetuam.

466 3627 1117 3746 ⁰ll⁰tltl⁶llllllllslhint“llll
1301 3629 1351 3680 ²¹¹⁸
1370 3629 1959 3748 ltdtlilttltllttllltt‘lffl
2050 3641 2077 3695 ¹⁵

466 3757 546 3823 plena
557 3757 610 3810 luit
622 3757 702 3810 uobis
713 3731 945 3810 omni’concordia
956 3731 1026 3818 uici,
1300 3774 1362 3811 ecce
1373 3775 1474 3812 nouum
1485 3761 1602 3813 crimen:
1620 3761 1715 3812 sollers
1726 3776 1822 3813 ornare
1834 3759 1964 3828 Cypassis

498 3829 527 3873 et
537 3822 616 3874 stetit
626 3821 662 3874 ad
673 3823 755 3874 tinem
767 3822 850 3888 longa
860 3827 1001 3889 tenaxque
1012 3821 1088 3874 fidas.
1333 3823 1449 3876 obicitur
1459 3824 1586 3877 dominae
1597 3831 1796 3877 contemerasse
1807 3830 1906 3877 torum.

466 3886 538 3954 qnod
550 3887 604 3938 init
615 3887 743 3952 Argolico
754 3886 864 3938 iuuenis
877 3885 1002 3938 Phoceus
1014 3887 1139 3948 Orestae,
1221 3901 1230 3938 ι
1235 3898 1249 3953 5
1301 3887 1329 3940 di
1340 3889 1446 3952 melius,
1459 3905 1542 3956 quam
1554 3905 1606 3952 me,
1619 3890 1644 3942 si
1654 3890 1692 3942 ait
1703 3905 1830 3956 pemesae
1840 3889 1936 3952 libido,

498 3951 548 4002 hoc
559 3951 619 4012 tibi,
632 3951 698 4002 dum
708 3951 797 4013 licuit,
810 3951 936 4018 psittace,
951 3956 1044 4003 turtur
1056 3956 1123 4002 erat.
1331 3953 1440 4006 sordida
1450 3959 1623 4020 contemptae
1633 3955 1714 4006 sortis
1725 3954 1920 4007 amicaiuuet!
2046 3967 2079 4004 20

466 4015 531 4082 quid
538 4019 635 4090 ¹tamen
648 4015 703 4067 ista
714 4015 789 4078 fides,
796 4015 869 4090 ,quid
882 4015 936 4067 rari
947 4015 1036 4068 iorma
1048 4015 1155 4079 coloris,
1300 4019 1362 4086 quis
1373 4018 1486 4072 Veneria
1496 4018 1618 4072 mmulae
1629 4019 1747 4071 conubia
1758 4018 1828 4072 liber
1838 4019 1907 4072 inire

497 4079 564 4156 quid
574 4095 629 4131 uox
641 4079 782 4132 mutandis
794 4079 937 4147 ingeniosa
948 4081 1032 4142 sonis,
1332 4088 1463 4150 tergaque
1473 4084 1606 4151 conplecti
1618 4084 1730 4136 uerbere
1740 4091 1818 4136 aecta
1828 4083 1916 4137 uelit?

351 4191 355 4196 .
465 4143 531 4211 and
542 4144 630 4205 iuuat,
642 4150 675 4196 ut
686 4143 770 4196 datus
781 4160 819 4206 es,
834 4149 945 4196 nostrae
957 4145 1095 4212 placuisse
1107 4144 1234 4212 puellae?
1299 4147 1369 4200 adde
1399 4147 1454 4200 nod
1465 4149 1592 4201 ornandis
1603 4148 1653 4200 illa
1663 4154 1706 4201 sst
1716 4155 1830 4215 operata
1840 4147 1948 4216 capillis

498 4207 594 4261 infelix
606 4209 701 4286 auium
712 4208 809 4286 gloria,
820 4225 886 4284 nem
934 4209 1015 4262 iaces.
1216 4225 1250 4262 no
1331 4164 1560 4290 ettinipepdocta
1569 4219 1703 4290 estgrata
1713 4213 1840 4290 ministra
1850 4229 1943 4266 manu.

466 4272 1164 4405 ‘illitutthttfllltlnduwloe’
1299 4277 1997 4395 wititlffltlllltlllitltllultffl*
2044 4287 2076 4342 ²⁵

465 4419 520 4454 non
531 4401 586 4454 luit
596 4355 716 4455 §litenis
727 4418 826 4455 uocum
839 4401 1015 4455 simulantior
1026 4403 1100 4456 ulca:
1300 4359 1348 4474 peil
1357 4380 1491 4459 Veiserem
1503 4407 1562 4458 iuro
1574 4407 1705 4474 puerique
1717 4359 1839 4459 croisillis
1850 4423 1930 4460 arcus

497 4466 629 4520 reddebas
640 4467 732 4520 blaeso
742 4471 801 4519 tam
813 4467 883 4520 mue
894 4468 980 4520 uerba
990 4483 1066 4520 sono.
1332 4471 1862 4526 menonadmissicriminisessereum.

465 4539 560 4599 raptus
571 4547 601 4584 es
612 4531 733 4584 inuidia:
752 4548 807 4584 non
821 4537 852 4584 tu
865 4531 924 4585 iera
935 4531 1009 4586 bella
1020 4531 1167 4595 monebam
1216 4544 1247 4599 25

496 4595 621 4662 garrulus
632 4602 661 4649 et
671 4595 796 4664 placidas
809 4596 883 4664 pacis
894 4603 1003 4650 amator
1013 4612 1083 4650 eras.

465 4676 535 4722 ecce,
548 4662 700 4714 coturnices
711 4661 784 4714 inter
797 4661 962 4729 suaprcelia
972 4662 1084 4724 uiuunt,
1648 4677 1721 4730 vm

497 4724 612 4778 forsitan
623 4731 652 4779 et
663 4726 732 4778 liant
742 4725 809 4779 inde
820 4727 977 4794 frequenter
987 4742 1067 4779 anns.

465 4789 562 4857 plenus
573 4807 633 4842 eras
645 4791 775 4852 minirum
793 4807 843 4844 nec
855 4807 920 4859 prae
932 4791 1065 4844 sermonis
1076 4805 1170 4844 amore
1300 4789 1435 4843 Ponendis
1447 4790 1475 4841 ln
1487 4788 1562 4842 mille
1574 4789 1668 4843 modos
1680 4790 1800 4857 pcricctn
1812 4806 1844 4841 cn
1863 4789 1927 4851 illis,

497 4854 525 4906 in
538 4855 638 4907 multos
649 4859 757 4922 poteras
770 4872 818 4908 ora
829 4872 928 4909 uacare
940 4856 1022 4908 cibos.
1216 4871 1249 4923 30
1331 4871 1434 4906 comere
1446 4854 1493 4906 sed
1504 4855 1576 4906 solas
1587 4855 1679 4920 digna,
1694 4855 1818 4922 Cypassi,
1851 4871 1907 4917 eas,

465 4935 522 4970 nux
534 4924 595 4971 erat
605 4935 668 4972 esca
678 4919 731 4998 tibi
741 4915 896 4998 duaeque
907 4936 1046 4988 papauera
1055 4919 1154 4984 somni,
1298 4924 1327 4972 et
1338 4919 1405 4971 mihi
1416 4918 1534 4996 iucundo
1544 4936 1599 4996 non
1610 4919 1713 4972 rustica
1723 4919 1834 4996 cognita
1844 4919 1927 4980 iurto,
1947 4983 1952 4994 Ι
1976 4983 1981 4994 .

497 4983 670 5052 pellebatque
681 4990 758 5036 sltun
769 4985 901 5052 simplicis
912 5002 991 5038 umor
1000 5001 1099 5053 aquae.
1330 4989 1396 5050 apta
1407 4982 1517 5050 quidem
1528 4983 1663 5044 dommac,
1676 4983 1726 5036 sed
1738 4999 1827 5050 magis
1838 4999 1856 5034 a
1875 4989 1906 5036 ta
1916 4981 1992 5045 mihi,

465 5047 538 5100 uiuit
550 5047 620 5101 edax
632 5048 727 5101 uultur
737 5048 894 5118 ducensque
907 5067 954 5118 per
965 5066 1123 5118 aeragyros
1299 5049 1360 5116 quis
1371 5047 1567 5100 iuitinternos
1577 5049 1803 5116 sociaticorporis
1815 5048 1844 5100 in
1864 5052 1919 5100 exi
2059 5059 2074 5114 5

524 5245 546 5290 V
561 5247 657 5294 tttcec
667 5247 685 5294 S
695 5247 771 5306 uulg„
784 5249 827 5295 boc
837 5249 864 5296 P.
896 5251 926 5293 ⁴1
936 5250 976 5296 his
991 5249 1044 5306 ΡΒ,
1057 5249 1098 5295 bic
1113 5247 1180 5306 uulg.
1212 5248 1243 5292 42
1253 5249 1311 5295 nint
1326 5247 1461 5303 Housman,
1473 5261 1531 5294 cosa
1542 5247 1611 5294 codd.
1644 5245 1677 5292 Vl
1687 5247 1702 5290 t
1712 5245 1835 5292 deumne
1850 5243 1946 5300 Heius,
1958 5243 2076 5290 &uertite

465 5303 546 5362 codd,
558 5307 672 5376 diumlte
679 5305 703 5354 S.
732 5307 762 5351 1⁰
771 5309 876 5366 antiqua
886 5312 920 5377 cst
930 5308 976 5355 PS
986 5307 1064 5365 uulg„
1077 5309 1177 5378 antiqui
1187 5305 1272 5353 Heius.
1285 5321 1314 5377 ex
1325 5305 1392 5375 codd.
1424 5306 1499 5350 aaut
1509 5309 1564 5376 locst
1574 5307 1604 5350 8²
1614 5306 1684 5364 ponit
1695 5304 1822 5352 Schrader.
1856 5303 2009 5406 ΨΜ
2019 5301 2073 5349 Pa.

465 5363 678 5422 asemper&
710 5365 739 5410 8¹!
754 5365 801 5412 dle
817 5365 871 5423 Pa,
886 5367 929 5412 elle
942 5365 1011 5412 codd.
1032 5379 1112 5424 pauci.
1145 5365 1175 5410 8⁹
1192 5367 1303 5412 Διιεηιιι
1318 5363 1401 5411 Herna
1434 5365 1465 5408 θ
1479 5369 1547 5410 uenat
1563 5364 1615 5421 ΡΒ,
1633 5366 1720 5410 emt
1733 5363 1800 5421 uulg.
1923 5361 2019 5417 mmo
2034 5373 2076 5418 eye

387 5465 390 5472 .
465 5421 583 5479 πιθοίατο
599 5421 653 5470 edd
673 5427 735 5471 uett.
768 5425 872 5472 ductos
889 5423 994 5480 Palmer,
1012 5426 1101 5471 tacitos
1119 5423 1188 5471 codd.
1221 5424 1250 5468 2³
1265 5424 1385 5470 mauis
1401 5421 1455 5468 edd.
1474 5425 1546 5478 nett,
1558 5425 1654 5470 ormtr's
1670 5422 1723 5470 Ps.
1756 5420 1954 5478 “nemetum
1967 5419 2021 5474 PS,
2030 5432 2077 5476 per

464 5479 617 5542 doctceuuig.
640 5483 998 5542 mrtnfleimcncscodd.
1012 5483 1090 5530 illerlc
1110 5480 1493 5542 perdoctoest-mcnutltluellet.
1526 5481 1608 5541 aspi
1615 5487 1666 5529 crat
1674 5482 1701 5538 P,
1710 5495 1771 5528 corr.
1782 5475 2072 5540 Palmenqaacsituuly.
