4724 6374
771 433 804 492 Ρ.
832 436 946 492 ovim
965 437 1135 493 NASONIS
1156 435 1341 494 ansl’rvn
1360 435 1434 492 ΠΒ.
1457 435 1506 492 IV
1894 433 1943 490 obt

355 607 452 656 taurus
463 607 492 656 et
502 602 604 658 inlecto
615 603 670 656 iam
683 603 990 672 pedepulsathumum.
1075 619 1108 670 30
1189 604 1278 659 iratus
1289 605 1380 658 stridio
1391 604 1612 672 carminibusque
1623 602 1698 657 meis.

324 667 374 720 hoc
395 685 503 736 quoque
523 685 608 736 quam
630 668 708 722 uolui
735 669 797 738 plus
820 675 880 723 est:
908 685 985 733 cane,
1015 669 1103 731 illusa,
1158 669 1239 722 molle
1251 670 1409 736 Cupidineis
1422 686 1471 722 nec
1482 667 1696 744 inexpugnabile
1707 666 1771 721 telis
1906 669 1940 734 65

421 739 555 801 receptus,
1190 734 1321 794 cormilii,
1336 733 1462 800 quodque
1474 732 1640 785 leursoausa
1651 737 1782 792 moueret,
1796 733 1863 785 erat.

355 797 421 850 dum
432 797 497 852 iicet
508 797 572 852 huic
583 814 683 853 nomen
694 797 867 852 ulissimulare
878 814 968 852 suum.
1158 814 1219 850 curn
1231 805 1324 851 tamen
1337 798 1380 850 bic
1392 813 1479 850 essem
1491 797 1660 863 minimoque
1671 796 1832 872 accenderer
1843 794 1910 862 igni,

1190 863 1298 914 nomine
1309 863 1361 914 sub
1372 869 1465 914 nostro
1476 863 1572 914 iabula
1583 859 1663 912 nullu
1672 859 1735 912 furt.

1158 943 1243 994 paene
1254 927 1322 980 mibi
1333 943 1416 994 puero
1427 943 1477 980 nec
1488 927 1573 993 digna
1583 941 1634 977 nec
1644 923 1723 976 utilis
1735 939 1804 976 uxor

703 1003 731 1057 x
1190 997 1232 1044 est
1243 992 1317 1054 dats,
1330 1009 1401 1060 quae
1413 1005 1522 1059 tempus
1534 1006 1581 1058 per
1592 990 1675 1042 breue
1686 995 1774 1064 nupta
1785 987 1846 1040 fuit.
1906 999 1938 1051 70

1158 1055 1198 1108 illi
1209 1057 1339 1109 successit
1350 1058 1478 1132 quamuis
1488 1057 1547 1108 sinc
1558 1055 1671 1108 crimine
1682 1069 1811 1114 ιιοιιιιιιιιι,

324 1117 374 1172 llle
386 1134 436 1187 ego
448 1118 604 1236 qui‘fucrim
617 1123 773 1196 tenerorum
786 1118 861 1170 lusor
872 1134 1006 1196 emorum,
1190 1137 1244 1198 non
1255 1129 1348 1174 tamen
1361 1138 1389 1174 ιιι
1401 1131 1495 1174 nostro
1506 1123 1585 1172 lirmu
1596 1119 1769 1194 iuturantqro.

324 1189 666 1324 sllitmmiiuilu‘ll:
674 1199 773 1314 {lib
784 1189 941 1300 li'ffi
949 1246 1039 1310 undis,
1157 1185 1551 1303 ”llllillmllilzlllz
1562 1189 1711 1324 uellit
1721 1199 1749 1234 ²¹¹
1762 1197 1856 1242 ⁸⁰¹¹⁰⁵'

356 1314 433 1364 ιιιιΙιιι
444 1313 491 1380 qui
504 1327 598 1364 nomes
610 1310 697 1364 distat
708 1311 745 1364 ab
756 1312 824 1366 urbe
835 1313 936 1365 decem
1158 1315 1213 1366 ulia
1224 1331 1268 1367 me
1280 1330 1341 1367 mea
1352 1315 1393 1366 bis
1404 1316 1493 1382 prima
1503 1313 1621 1366 iecuudn
1632 1317 1748 1364 iuuenta
1906 1323 1935 1375 75

324 1378 415 1430 editus
427 1377 470 1429 hic
481 1393 531 1452 ego
541 1393 613 1438 sum,
626 1391 676 1428 nee
687 1391 741 1428 non
753 1383 787 1429 ut
797 1383 923 1446 tempora
933 1377 1015 1441 noris,
1092 1390 1105 1442 5
1188 1379 1234 1430 scd
1247 1395 1300 1430 ιιοιι
1312 1395 1346 1432 ex
1357 1395 1413 1430 uno
1424 1379 1538 1444 coniuge
1550 1377 1616 1428 iecit
1627 1392 1719 1428 aurun.

355 1458 417 1494 cum
428 1441 528 1494 cecidit
538 1440 598 1492 iato
608 1441 704 1493 consul
714 1447 832 1510 uterquc
843 1442 911 1510 puri,
1156 1451 1184 1496 ct
1195 1444 1249 1495 inm
1261 1443 1411 1510 complerat
1421 1443 1529 1510 genitor
1540 1457 1591 1492 sira
1601 1441 1662 1493 iata
1673 1455 1826 1508 nouumque

324 1508 346 1558 ni
359 1506 421 1574 quis
432 1511 461 1557 et
472 1521 489 1558 a
501 1505 610 1572 proauis
621 1521 709 1573 usque
719 1511 763 1559 est
774 1513 857 1559 uetus
867 1507 970 1559 ordinis
982 1505 1068 1568 ireres,
1187 1508 1332 1560 addiderat
1343 1507 1438 1560 lustris
1449 1508 1539 1560 altore
1550 1506 1638 1557 lustra
1649 1520 1755 1556 nouem.

357 1587 410 1623 non
423 1569 502 1622 modo
513 1570 641 1624 iortunae
652 1586 764 1624 munere
775 1571 867 1624 iactus
878 1587 969 1639 eques.
1156 1589 1209 1624 non
1221 1572 1301 1625 alitor
1312 1572 1376 1625 licui
1388 1588 1471 1640 quam
1483 1588 1526 1624 me
1538 1571 1652 1622 licturus
1663 1569 1822 1646 ademptum

324 1651 374 1687 nec
385 1636 467 1712 stirpe
479 1635 568 1702 prima
578 1635 637 1697 fui3
653 1635 748 1702 genito
758 1651 820 1688 sum
831 1635 919 1688 fratre
929 1641 1046 1698 creatus,
1188 1637 1307 1689 illciuit
1343 1637 1439 1690 matria
1451 1637 1576 1704 proxima
1588 1635 1669 1686 busta
1680 1633 1741 1686 tuli.
1905 1632 1939 1682 80

356 1700 403 1768 qui
417 1700 504 1752 tubus
514 1708 581 1753 ante
592 1707 691 1776 quater
702 1700 841 1752 mensibns
852 1707 929 1753 ortus
940 1709 1007 1752 erut.
1077 1713 1106 1750 ιο
1156 1701 1248 1754 felices
1258 1701 1339 1754 ambo
1350 1703 1514 1768 tempestiue
1535 1715 1569 1752 uc
1580 1697 1692 1776 sepulti.

326 1765 433 1818 Lucifer
443 1765 586 1816 amborum
598 1764 739 1817 natalibus
751 1765 833 1818 alluit
844 1764 934 1818 idem:
1188 1766 1335 1819 antediem
1348 1781 1450 1832 poenae
1461 1717 1534 1834 quoii
1546 1780 1649 1832 periere
1660 1777 1745 1814 meae.

358 1845 414 1881 una
424 1828 560 1880 celebrata
571 1835 614 1880 est
625 1845 674 1896 per
684 1830 740 1881 duo
751 1828 809 1881 liba
819 1828 885 1882 dies.
1157 1847 1200 1882 me
1211 1846 1319 1898 quoque
1329 1831 1435 1883 ielicem
1448 1829 1521 1897 quod
1534 1845 1587 1880 ιιοιι
1600 1827 1760 1881 uiuentibus
1772 1825 1827 1878 illis

326 1894 391 1945 lincc
403 1903 446 1944 est
457 1892 602 1946 armiferae
613 1892 692 1945 iestis
704 1893 738 1946 de
750 1895 871 1962 quinque
883 1893 1036 1956 Mineruae,
1189 1911 1249 1948 sum
1261 1896 1350 1956 miser,
1363 1901 1392 1948 et
1403 1896 1437 1947 de
1448 1911 1492 1947 me
1503 1893 1575 1972 quod
1588 1893 1698 1945 doluere
1710 1891 1787 1944 nibil.

358 1974 428 2034 quae
439 1957 497 2009 ficri
508 1973 601 2025 pugna
611 1958 700 2024 prima
710 1964 825 2011 cruenta
835 1958 914 2011 solet
1157 1960 1180 2012 si
1192 1967 1284 2013 tamen
1296 1961 1426 2012 extinctis
1437 1959 1542 2026 aliquid
1555 1958 1607 2010 nisi
1620 1959 1732 2008 nomina
1742 1961 1837 2019 resim,
1905 1955 1936 2022 85

227 2036 234 2048 ·
326 2029 448 2098 prqtmus
460 2021 611 2073 excolimur
622 2022 709 2074 teneri
720 2037 840 2089 curaque
848 2021 973 2100 parentis
1078 2035 1106 2088 15
1189 2031 1219 2078 et
1229 2025 1337 2092 gracilis
1348 2031 1467 2076 structos
1479 2023 1578 2090 cffugit
1588 2021 1686 2074 umbra
1698 2035 1784 2088 rogos,

358 2103 429 2138 rmus
441 2085 476 2138 ml
488 2087 609 2151 insignes
620 2086 696 2138 urbis
707 2087 744 2138 ab
755 2095 815 2140 arte
826 2103 908 2140 uiros.
1131 2104 1133 2149 !
1158 2090 1240 2152 lama,
1254 2089 1415 2157 parentales,
1428 2089 1451 2140 si
1465 2104 1513 2140 uos
1524 2103 1587 2140 mea
1596 2086 1722 2152 contigit,
1735 2084 1856 2148 umbrae,

326 2152 410 2203 irater
421 2151 456 2203 ad
468 2151 606 2218 eloquium
618 2150 701 2203 uiridi
712 2151 845 2205 tendebat
855 2153 892 2205 ab
903 2169 981 2216 aeuo,
1190 2161 1220 2207 et
1230 2161 1296 2207 suut
1306 2154 1335 2206 in
1347 2153 1442 2221 Stygio
1453 2152 1568 2206 crimina
1579 2159 1673 2203 nostra
1684 2150 1758 2202 loro:

359 2217 442 2268 fortia
453 2216 559 2268 uerbosi
571 2221 654 2268 natus
666 2215 701 2268 ad
713 2231 791 2269 arma
801 2216 861 2270 iori.
1158 2221 1234 2282 scite,
1248 2233 1348 2286 precor,
1360 2233 1472 2271 musam
1484 2223 1544 2280 (uec
1555 2231 1606 2268 uos
1615 2215 1683 2268 mibi
1694 2214 1789 2268 fallere
1800 2212 1842 2266 ias
1854 2215 1907 2277 est)

327 2287 358 2332 ut
369 2280 436 2332 mihi
447 2281 501 2332 iam
514 2296 597 2346 puero
608 2281 738 2333 caelestia
749 2297 827 2333 sacra
838 2281 993 2348 placebunt,
1190 2299 1305 2337 errorem
1317 2283 1408 2335 iussae
1418 2281 1573 2335 nonacelus
1585 2280 1686 2333 esseio
1740 2317 1746 2330 .
1902 2293 1939 2343 90

361 2347 443 2412 inque
454 2361 534 2395 sunm
546 2344 642 2395 lurtim
654 2345 737 2397 Musa
748 2345 877 2398 trahebat
888 2363 963 2412 opus.
1076 2360 1109 2397 20
1158 2348 1285 2401 munibus
1296 2348 1346 2400 hoc
1357 2348 1426 2400 satis
1437 2353 1495 2400 est:
1512 2347 1549 2399 ad
1560 2362 1619 2407 uos,
1632 2295 1766 2406 scuffia,
1779 2347 1909 2408 reuertor,

328 2408 1070 2542 ιιιιιιιιιιιιιιιιιιιιοιι
1159 2410 1796 2531 recensuerimus·

329 2546 419 2591 motus
430 2554 504 2590 eram
515 2537 596 2590 dictis
607 2543 721 2605 totoque
734 2537 866 2592 Helicone
877 2538 973 2592 relicto
1191 2547 1314 2602 uenerat,
1326 2493 1457 2608 autiqufe
1469 2541 1670 2606 miscueratque
1681 2553 1782 2601 comas,

361 2603 477 2656 scribere
488 2602 658 2670 temptabam
670 2601 755 2655 uerba
765 2603 858 2656 soluta
868 2604 973 2657 modis:
1160 2613 1274 2676 postque
1285 2621 1360 2659 meos
1370 2613 1447 2658 ortus
1459 2606 1557 2658 Pisaea
1569 2605 1681 2657 uinctus
1691 2602 1768 2656 oliua
1906 2611 1940 2670 95

329 2674 426 2736 sperne
437 2683 487 2720 sua
498 2683 607 2719 carmen
619 2683 746 2719 numeros
757 2667 888 2721 ueniebat
899 2668 935 2720 ad
947 2673 1035 2738 aptos,
1078 2681 1093 2721 2
1096 2678 1110 2739 5
1193 2670 1346 2724 abstulerat
1356 2671 1445 2724 decies
1456 2669 1578 2738 praemia
1589 2669 1678 2721 uictor
1689 2683 1704 2720 e
1724 2667 1776 2729 uis,

362 2738 390 2785 et
401 2731 473 2800 quod
486 2731 656 2799 temptabam
664 2731 754 2784 dicere
765 2747 860 2786 uersus
871 2739 940 2786 erat.
1160 2753 1221 2790 cum
1233 2735 1315 2788 maris
1327 2735 1430 2788 Euxini
1441 2735 1544 2812 positos
1555 2733 1590 2786 ad
1602 2732 1685 2787 laeua
1719 2731 1819 2785 emitas

330 2799 434 2850 interea
445 2797 530 2849 tacito
541 2812 623 2864 passu
636 2795 792 2850 lubentibus
803 2797 884 2850 aunis
1193 2815 1323 2869 quaerere
1333 2816 1377 2854 me
1389 2799 1456 2852 lacer
1468 2798 1598 2867 principia
1609 2799 1651 2850 ira
1661 2797 1747 2850 iubet.

362 2861 470 2914 liberior
480 2861 559 2914 fratri
570 2868 683 2928 sumpta
693 2861 816 2930 mihique
826 2869 893 2930 toga
903 2867 955 2926 est,
1161 2882 1244 2918 cansa
1254 2880 1330 2918 meae
1341 2865 1446 2918 cunctis
1457 2864 1572 2916 nimium
1585 2878 1694 2931 quoque
1705 2867 1773 2915 uota
1784 2859 1879 2914 ruinae

331 2927 439 2979 induitu
472 2943 506 2978 ue
517 2926 619 2978 umeris
630 2942 693 2978 cum
704 2925 763 2979 lato
774 2942 894 2994 purpura
905 2929 994 2992 clauo,
1193 2929 1294 2982 iudicio
1304 2945 1358 2982 uon
1369 2935 1411 2982 est
1422 2928 1597 2982 testificanda
1608 2943 1676 2980 meo.
1894 2939 1941 2978 roo

363 2999 392 3045 et
402 2997 447 3043 stu
468 3007 524 3043 rum
535 2991 623 3052 nobis,
656 2989 710 3042 uod
722 2989 777 3044 fnit
787 2997 862 3056 aute,
875 2999 978 3046 manet.
1080 3007 1112 3058 30
1161 2994 1228 3063 quid
1254 2993 1370 3047 referum
1392 2993 1579 3062 comitumque
1600 2992 1679 3046 nelm
1700 2989 1872 3060 famulosque
1894 3004 1941 3042 no·

330 3054 631 3123 iamquedeccmuitue
685 3061 729 3108 ter
738 3056 928 3122 gemiuauerat
939 3072 1034 3121 anuos,
1258 3064 1372 3112 centes?

362 3137 424 3172 cum
436 3120 515 3187 perit,
528 3124 557 3172 et
568 3120 643 3188 coepi
656 3125 734 3196 parte
745 3135 836 3172 carcre
847 3121 909 3174 mei
1193 3125 1253 3200 ipsa
1263 3119 1684 3188 multatulinonleuioraiuga

331 3186 451 3254 cepimus
463 3191 494 3262 et
502 3189 611 3238 tenerae
623 3199 723 3252 primos
734 3185 837 3262 aetatis
847 3185 972 3263 honores,
1162 3189 1305 3268 indignata
1311 3187 1399 3266 'mulis‘
1407 3205 1482 3240 mens
1494 3193 1538 3264 est
1547 3186 1723 3264 succumbere
1734 3197 1818 3254 seque

331 3249 962 3392 0„illimul‘iil'lssblgbbuu‘lli
1080 3329 1093 3381 ³
1097 3329 1111 3381 s
1162 3251 1763 3386 nliuiiilllllblubububu
1896 3323 1942 3384 ,ος

364 3395 452 3431 marus
463 3383 522 3430 erat
533 3385 633 3431 nostris
644 3379 749 3432 umbus
761 3377 830 3431 illud
842 3394 919 3432 onus
1194 3383 1306 3436 insolita
1316 3383 1375 3450 cepi
1386 3382 1516 3450 temporis
1527 3396 1605 3434 arma
1615 3396 1715 3432 manu:

332 3461 381 3496 nec
427 3445 499 3496 tiens
509 3459 615 3511 corpus,
628 3459 678 3497 nec
689 3459 766 3496 mens
778 3443 831 3496 luit
843 3449 910 3510 apta
922 3441 1016 3508 labori,
1162 3453 1258 3516 totque
1269 3447 1323 3501 tuli
1334 3455 1409 3500 terra
1420 3463 1499 3499 ussus
1510 3445 1662 3513 pelagoque
1673 3449 1741 3512 quot
1752 3443 1826 3497 inter

363 3525 393 3560 so
405 3509 549 3576 licitaeque
561 3509 647 3574 fugax
658 3507 818 3560 ambitionis
830 3523 904 3560 eram
917 3527 924 3570 ι
1194 3511 1330 3565 occultum
1341 3511 1439 3564 stellae
1450 3511 1625 3588 conspicuum
1645 3525 1681 3561 ue
1692 3509 1793 3576 polum.

332 3581 360 3625 ct
371 3579 461 3640 petere
473 3574 579 3626 Aoniae
591 3573 747 3626 suadebant
757 3579 822 3626 tuta
831 3588 936 3626 sorores
1162 3583 1240 3631 tactu
1250 3577 1317 3629 mihi
1329 3575 1441 3630 taudem
1454 3575 1541 3642 longis
1552 3574 1637 3628 errori
1657 3590 1689 3624 us
1699 3580 1762 3625 acto

365 3639 422 3690 otiu
432 3637 532 3690 iudicio
543 3653 650 3704 semper
660 3643 755 3690 amata
766 3654 834 3690 meo.
1079 3652 1113 3702 40
1194 3642 1290 3694 iuncta
1299 3640 1465 3708 pharetratis
1476 3640 1610 3692 Sarmatis
1622 3653 1670 3690 ora
1680 3637 1766 3690 Getis
1898 3649 1945 3690 ιιο

334 3703 461 3768 temporis
474 3702 549 3754 illius
560 3701 632 3754 colui
643 3701 756 3770 iouique
767 3709 872 3770 poetes,
1162 3705 1206 3758 bic
1217 3722 1266 3772 ego
1277 3705 1401 3758 finitimis
1412 3704 1539 3772 quamuis
1549 3703 1732 3754 circumsoner
1742 3701 1834 3765 armis,

364 3773 484 3834 quotque
495 3767 611 3818 aderant
621 3772 710 3830 uates,
723 3767 803 3820 rebar
814 3767 910 3820 adesse
921 3765 993 3821 deos.
1195 3771 1294 3832 tristia,
1307 3786 1363 3837 quo
1373 3785 1492 3838 possum
1505 3768 1625 3820 carmine
1637 3766 1698 3817 luta
1708 3765 1777 3818 leuc.

333 3847 414 3898 saepe
425 3848 489 3882 suas
499 3831 623 3883 uolucres
634 3831 703 3898 legit
714 3832 782 3884 mihi
793 3832 922 3898 grandior
932 3849 1010 3894 aeuo,
1163 3835 1235 3903 quod
1247 3834 1374 3902 quamuis
1384 3849 1465 3886 nemo
1476 3839 1528 3894 est,
1541 3831 1620 3884 ouius
1631 3831 1767 3883 referatur
1778 3829 1813 3883 ad
1825 3845 1914 3894 aures,

365 3911 488 3962 quaeque
499 3903 580 3972 nocet
590 3912 709 3972 serpeus,
741 3913 793 3948 uae
805 3897 886 3973 iuuat
897 3896 990 3974 berbn,
1004 3896 1102 3950 Macer.
1196 3900 1235 3951 sic
1246 3899 1464 3976 tamenosiuumo
1474 3897 1533 3949 deci
1554 3896 1635 3972 ioque
1646 3895 1728 3947 diem.

332 3961 990 4078 *iltsblililfflbibinellae&
1079 3973 1111 4027 ⁴⁵
1163 3959 1780 4080 ‘iulbllilibfuibllssilucbw‘
1897 3973 1942 4026 ¹¹⁵

334 4090 464 4142 Ponticus
476 4065 566 4152 heroo:
648 4107 681 4143 us
711 4107 730 4143 ιι
766 4107 802 4144 ue
813 4091 903 4143 clarus
914 4089 1014 4144 iambis
1164 4093 1262 4162 gratia
1276 4091 1366 4154 Musa,
1380 4091 1449 4144 tibi:
1468 4107 1532 4143 narn
1544 4096 1577 4143 tu
1589 4089 1692 4142 solacia
1702 4061 1834 4167 pretebes3

365 4154 457 4206 dulcia
467 4156 611 4208 conuictus
621 4106 744 4208 membra
787 4171 831 4208 ere
842 4155 915 4216 mei;
1197 4165 1228 4210 tu
1241 4172 1322 4210 curae
1332 4156 1448 4224 requies,
1462 4161 1493 4208 tu
1505 4155 1643 4208 medicina
1654 4170 1740 4207 uenia

333 4225 362 4271 ct
373 4220 464 4272 tenuit
475 4226 582 4272 nostras
593 4235 754 4273 numerosus
766 4219 900 4273 Horatius
911 4235 1000 4284 auree,
1165 4229 1197 4275 ιιι
1209 4223 1265 4274 dux
1277 4227 1306 4274 et
1316 4237 1406 4274 comes
1417 4237 1454 4282 es,
1467 4229 1500 4274 ιιι
1512 4237 1562 4272 uos
1573 4219 1688 4272 abducis
1700 4219 1736 4271 ab
1746 4217 1851 4282 Histro,

368 4284 433 4337 dum
445 4285 509 4336 ierit
521 4285 646 4338 Ausonia
657 4285 779 4338 uamrina
788 4284 884 4337 oultal
937 4325 944 4337 .
1084 4298 1115 4352 5ο
1197 4288 1226 4339 in
1237 4286 1381 4354 medioque
1391 4286 1460 4338 mihi
1471 4285 1521 4338 das
1533 4285 1665 4338 Helicone
1677 4283 1784 4344 locum
1897 4296 1945 4334 120

335 4349 486 4416 Vergilium
497 4349 556 4402 uidi
568 4355 696 4403 tanturn:
714 4365 764 4402 nec
775 4364 862 4402 auara
898 4349 983 4402 'bullo
1165 4360 1197 4405 tu
1209 4352 1285 4414 mihi,
1298 4350 1371 4419 quod
1382 4366 1475 4404 rarum
1486 4355 1537 4414 est,
1551 4351 1618 4402 uiuo
1628 4347 1745 4400 sublime
1756 4345 1857 4400 dedisti

367 4423 475 4482 tempus
486 4415 625 4467 arrricitiae
635 4414 696 4468 iata
706 4413 805 4468 dedere
816 4429 900 4467 meae
1197 4431 1304 4476 nomen,
1317 4416 1354 4468 ab
1364 4415 1487 4483 exequiis
1497 4413 1571 4482 quod
1582 4413 1649 4466 dare
1658 4411 1735 4488 fama
1745 4411 1823 4465 solet

335 4495 470 4532 successor
481 4480 536 4532 iuit
547 4479 592 4532 hic
602 4479 664 4542 tibi,
677 4478 765 4542 Galle,
779 4478 938 4546 Propertius
949 4478 1008 4543 illi3
1166 4498 1215 4535 nec
1244 4481 1274 4533 ui
1285 4480 1422 4534 detractat
1433 4479 1590 4548 praeseutia
1600 4477 1671 4530 liuor
1681 4477 1778 4544 iniquo

368 4549 482 4612 quartus
493 4543 529 4598 ab
541 4544 584 4596 his
595 4545 664 4598 serie
676 4543 806 4612 temporis
816 4543 875 4612 ipse
885 4545 927 4597 fui
938 4565 945 4598 ι
1198 4497 1285 4598 ulium
1297 4544 1331 4597 de
1343 4544 1443 4598 nostris
1454 4543 1537 4596 dente
1548 4541 1696 4596 momordit
1706 4556 1783 4607 opus.

336 4615 422 4677 utque
433 4624 483 4675 ego
494 4609 618 4672 maiores,
632 4609 671 4661 sic
682 4625 726 4662 me
737 4608 843 4662 coluere
855 4607 981 4673 minores,
1084 4621 1098 4677 5
1102 4623 1115 4677 5
1166 4627 1231 4664 uum
1242 4609 1360 4663 tulerint
1369 4625 1484 4686 magnos
1491 4623 1553 4660 cum
1561 4605 1672 4660 saecula
1679 4611 1775 4658 nostra
1782 4607 1885 4673 poetas,
1901 4615 1945 4670 125

368 4679 488 4740 notaque
499 4689 553 4726 non
565 4673 644 4726 tarde
654 4673 729 4726 lacta
740 4673 840 4726 Thalia
850 4679 974 4728 meaest
1198 4691 1252 4728 nou
1264 4674 1319 4727 luit
1329 4675 1438 4742 ingemo
1449 4673 1526 4726 lama
1535 4671 1600 4725 ural'
1668 4686 1755 4748 mega·
1888 4732 1895 4746 .

336 4737 997 4856 ιιιιιιιιιιιιιιιιιιιιιιιι
1167 4755 1354 4857 ιιιιι
1375 4753 1541 4808 ιιι
1562 4687 1665 4789 ”³53⁶
1688 4734 1766 4798 ι
1859 4747 1946 4786 ιι

336 4873 461 4920 mouerat
471 4867 611 4933 ingenium
623 4873 712 4920 totam
723 4873 838 4919 αιιιιιιιι,
848 4883 896 4935 per
906 4868 1001 4922 urbem
1199 4869 1274 4922 dicor
1284 4874 1313 4921 et
1323 4867 1353 4922 iu
1364 4872 1425 4921 toto
1436 4865 1571 4935 plurimus
1581 4864 1646 4918 orbe
1657 4864 1740 4932 legor.

368 4931 621 4985 nominenonuero
631 4931 707 4984 dicta
718 4931 924 4985 Corinnmibi
1085 4933 1118 4986 bo
1167 4933 1258 5003 siquid
1269 4932 1373 4986 habeut
1383 4933 1469 5000 igitur
1479 4937 1578 4985 uatum
1589 4930 1733 4998 praesagia
1743 4927 1812 4992 ueri,

337 4996 427 5050 multa
437 4995 548 5064 quidem
559 4997 663 5074 scripsi,
675 4995 724 5049 sed
735 5011 807 5064 quae
817 4995 921 5050 uitiosa
931 4997 1038 5065 putaui,
1200 4999 1324 5066 protinus
1335 5003 1369 5051 ιιι
1379 4997 1480 5050 ιιιοιίιιι
1501 5012 1556 5049 ιιοιι
1568 5011 1622 5058 erc,
1636 5001 1717 5057 terre,
1730 4998 1804 5046 tuus
1902 5007 1949 5059 130

370 5060 556 5115 emendaturis
567 5061 677 5127 ignibus
688 5061 746 5129 ipse
757 5059 828 5113 dedi.
1169 5064 1228 5116 siue
1239 5063 1333 5116 fauore
1344 5062 1397 5114 tuli
1408 5063 1467 5115 siue
1478 5036 1549 5114 banc
1561 5076 1576 5113 e
1622 5059 1743 5112 carmine
1754 5059 1865 5122 famam,

338 5131 406 5181 tunc
432 5141 553 5206 quoquc,⁸
573 5142 636 5180 cum
664 5125 796 5194 fugerem,
820 5124 956 5194 quaedam
984 5125 1119 5195 placitura
1201 5127 1435 5195 iurctibigrates,
1448 5125 1565 5180 candide
1586 5129 1669 5188 ector,
1682 5139 1743 5193 ago.

435 5207 564 5256 cremam,

398 5393 619 5457 RSdbc'cVogcl.
666 5393 715 5443 Π
741 5395 939 5445 aiuncurt.
967 5393 1173 5445 Mconaborva.
1200 5392 1430 5446 wacmmePs.
1463 5387 1741 5441 ssibrcmcrosHPVr.
1773 5386 1950 5458 “aequb-r,

340 5453 514 5514 buecqucHP.
546 5411 865 5512 “noemafllznecetm
888 5457 1057 5503 iuuetdiir.
1095 5457 1126 5502 ιιι
1168 5459 1243 5505 ιἈτ.
1275 5457 1443 5502 numeror.
1476 5451 1659 5500 wmutrlvo.
1691 5447 1890 5496 iustaOuracma
1922 5447 1953 5492 ⁸⁵

340 5521 433 5566 neunt
443 5516 496 5564 AV
505 5533 528 5564 s.
556 5518 586 5562 ιθ
596 5519 664 5576 equis
675 5514 805 5574 Strachau,
818 5529 887 5575 equa
897 5515 977 5572 codd..
990 5529 1063 5574 equus
1073 5514 1154 5563 Beut.
1187 5517 1231 5560 10²
1242 5517 1295 5574 ipsu
1306 5515 1336 5572 ιι,
1350 5516 1446 5572 ipseque
1456 5515 1515 5558 cett.
