4950 6434
763 457 795 510 Ρ.
823 457 935 512 OVIDI
954 458 1123 516 NASONIS
1143 457 1514 514 durissimorum
1537 457 1611 514 LIB.
1636 462 1655 514 I
1962 459 2009 512 381

435 624 549 676 torruit:
569 624 665 678 infelix
678 626 770 680 inbuit
781 633 876 681 auctor
887 646 961 698 opus.

1265 628 1386 693 corrupit
1397 642 1527 692 magnum
1539 627 1617 678 nulla
1628 626 1720 694 puella
1731 627 1831 680 louein.

403 691 493 742 iustus
502 699 618 765 uterque
628 691 694 743 init:
708 695 877 759 nequeenim
888 695 1051 764 lexaequior
1063 696 1120 748 ulla
1131 699 1182 756 est,
1233 693 1256 744 si
1269 699 1392 766 tamena
1403 692 1528 768 precibus
1540 691 1660 742 tumidos
1671 691 1797 743 accedere
1808 691 1898 743 fastus
1965 701 1992 752 7ι
1999 701 2012 754 5

436 770 519 821 quani
532 770 606 830 neeis
618 756 737 832 artifices
749 763 808 809 arte
819 759 906 824 perire
917 777 974 811 sua
1135 763 1185 825 656

403 837 467 884 ergo
478 829 510 870 ut
522 835 644 884 periuras
656 827 753 872 mento
765 823 883 888 periuria
894 823 1004 886 fallant,

436 883 561 948 exemplo
572 883 665 936 doleat
676 885 780 936 femina
790 885 865 937 laesa
876 903 934 938 suo.

1266 771 1393 816 aessens,
1406 763 1516 821 incepto
1528 770 1608 822 parce
1620 755 1742 821 referque
1754 757 1856 821 pedem.

1235 821 1307 887 quod
1319 819 1430 884 refugit,
1444 819 1551 870 multae
1562 820 1692 885 cupiunt:
1710 819 1799 881 odere,
1812 819 1882 885 quod
1895 819 1988 870 instat.

1267 883 1358 935 lenius
1369 883 1499 935 instando
1512 884 1605 935 taedia
1616 883 1681 935 tolle
1693 884 1742 934 tui.

404 955 432 1001 et
444 947 573 999 lacrimae
585 955 699 1014 prosunt
711 969 717 1000 ι
735 949 855 1001 lacrimis
866 950 1015 1003 adamanta
1027 951 1157 1005 monebis.
1235 965 1285 1002 nee
1296 963 1402 1014 semper
1414 947 1529 1000 Veneris
1541 965 1602 1014 spes
1613 953 1655 999 est
1667 946 1818 1014 profitenda
1828 947 1933 1012 roganti
1944 967 1950 998 :

437 1013 481 1064 fac
493 1011 618 1064 madidas
629 1012 732 1072 uideat,
747 1014 771 1064 si
782 1021 866 1080 potes,
880 1015 929 1066 illa
940 1032 1032 1080 genas.
1136 1019 1186 1068 660

1267 1014 1354 1064 intret
1365 1011 1505 1064 amicitiae
1516 1013 1625 1064 nomine
1637 1019 1727 1063 tectus
1738 1027 1820 1064 amor.
1967 1025 2016 1073 720

404 1077 427 1129 si
440 1077 569 1130 lacrimae
578 1078 758 1144 (nequeenim
771 1078 887 1130 ueniunt
898 1079 926 1130 in
940 1088 1060 1148 tempore
1070 1087 1186 1148 semper)
1211 1115 1213 1123 >
1237 1079 1286 1130 boc
1297 1077 1377 1128 aditu
1389 1077 1447 1128 uidi
1459 1077 1574 1128 tetricae
1586 1077 1653 1128 data
1664 1077 1749 1128 uerba
1759 1076 1879 1143 puellae:

437 1142 574 1203 delicient,
585 1149 670 1193 uncta
681 1141 787 1194 lumina
798 1151 880 1208 tange
891 1159 982 1197 mann.

405 1208 467 1282 quis
478 1207 588 1282 sapiens
599 1206 708 1258 blandis
720 1223 775 1258 non
787 1208 900 1260 misceat
911 1209 1004 1261 oscula
1015 1210 1122 1263 uerbis!

439 1271 488 1322 illa
499 1271 564 1322 licet
576 1286 630 1321 nori
642 1271 699 1332 det,
713 1287 767 1321 non
778 1269 846 1324 data
857 1288 935 1325 sume
945 1280 1046 1327 tamen.

1211 1172 1213 1181 ι
1269 1143 1317 1209 qui
1329 1142 1420 1193 iuerat
1431 1142 1528 1202 cultor,
1543 1142 1632 1192 iactus
1645 1147 1750 1192 amator
1761 1149 1826 1193 erat

1211 1232 1214 1251 ·
1236 1206 1369 1260 candidus
1380 1207 1409 1258 in
1421 1213 1508 1256 nauta
1520 1217 1566 1256 tur
1586 1206 1608 1256 is
1620 1205 1707 1273 color:
1724 1206 1849 1273 aequoris
1860 1205 1934 1256 unda

1211 1284 1214 1321 i
1269 1271 1353 1323 debet
1364 1277 1394 1322 et
1404 1285 1422 1321 a
1433 1269 1517 1321 radiis
1530 1223 1627 1321 siriiris
1638 1285 1696 1322 ease
1708 1271 1783 1334 niger
1795 1291 1800 1320 :

406 1334 541 1403 pugnabit
552 1335 639 1450 primo
651 1335 774 1386 fortassis
786 1337 1068 1404 et‘inprobe’dicet:
1138 1339 1186 1404 665
1212 1358 1213 1372 ¹
1238 1335 1326 1402 turpis
1337 1341 1366 1386 et
1377 1333 1585 1409 agricolaeqiii
1598 1350 1706 1386 uomere
1717 1351 1822 1401 semper
1833 1333 1938 1384 rubiaro
1970 1345 2016 1398 7²5

439 1415 550 1466 pugnari
571 1415 587 1450 c
598 1399 672 1450 uinci
684 1415 713 1451 se
726 1405 818 1452 tamaii
830 1400 880 1453 illa
891 1402 973 1454 uolet.

407 1471 516 1516 tantum
529 1479 563 1514 ne
575 1471 693 1516 noceant
705 1465 806 1516 teneris
817 1465 889 1517 mele
900 1473 980 1533 rapta
990 1467 1106 1530 labelli-i,

439 1545 509 1580 neue
521 1529 598 1594 queri
611 1529 697 1594 possit
708 1528 777 1580 dura
788 1529 881 1591 luisse,
895 1547 969 1584 caue.

407 1593 501 1644 oscula
511 1593 559 1659 qui
571 1593 698 1659 sumpsit,
711 1593 734 1644 si
748 1609 800 1644 non
812 1601 841 1645 et
851 1602 942 1647 cetera
952 1597 1078 1662 sumpsit,

1212 1408 1214 1423 ¹
1270 1409 1300 1453 et
1311 1399 1441 1465 grauibus
1454 1407 1549 1449 rastris
1561 1399 1613 1450 sub
1625 1399 1689 1450 lonc
1701 1407 1792 1450 uersat
1805 1399 1924 1450 linaium.

1238 1471 1267 1517 ct
1278 1473 1337 1524 tua,
1351 1461 1493 1514 Palladiae
1508 1463 1611 1529 petitur
1622 1463 1666 1514 ciii
1678 1462 1768 1529 palma
1779 1479 1899 1524 coronae,

1213 1538 1215 1589 ζ
1271 1528 1389 1580 candida
1399 1528 1422 1579 si
1435 1527 1540 1580 fuerint
1553 1543 1670 1594 corpora,
1685 1535 1714 1578 tu
1749 1527 1771 1577 is
1783 1528 1842 1578 cris.

1213 1609 1215 1657 i
1239 1594 1344 1660 palleat
1354 1593 1443 1644 omnis
1455 1608 1568 1645 amans:
1587 1593 1630 1644 liic
1643 1600 1685 1644 cst
1695 1609 1726 1642 co
1738 1608 1767 1643 or
1778 1599 1859 1658 aptus
1870 1591 1982 1642 amanti.

440 1657 1004 1726 baecquoque,quaedatasunt,pcrdere
1016 1661 1215 1727 dignoscat,
1272 1659 1322 1710 lioc
1333 1657 1421 1718 decet,
1436 1657 1486 1708 lioe
1496 1657 1577 1709 stulti
1588 1673 1642 1708 non
1655 1656 1773 1708 ualuisse
1785 1663 1889 1722 putciit.
1973 1668 2020 1719 750

407 1729 543 1789 quantuni
555 1721 681 1774 defuerat
692 1721 773 1788 pleno
783 1728 846 1789 post
856 1725 949 1776 oscula
959 1731 1044 1778 ιιοιιιι
1141 1729 1186 1789 671
1239 1722 1360 1790 pallidus
1371 1723 1399 1773 in
1414 1721 1509 1774 Dirces
1520 1722 1598 1774 siluis
1609 1721 1717 1773 errabat
1728 1720 1810 1772 Orion
1821 1740 1827 1780 ;

440 1787 465 1838 ei
477 1786 553 1846 niilii,
568 1787 718 1846 rusticitas,
732 1802 787 1838 non
800 1787 886 1854 pudor
896 1788 944 1841 ille
955 1789 1017 1841 luit.

409 1853 466 1903 uiro
479 1851 543 1902 licet
554 1850 675 1916 appelles
686 1872 692 1902 ι
711 1859 791 1918 grata
802 1858 844 1904 est
855 1853 898 1904 uis
910 1854 965 1906 ista
976 1852 1089 1920 puellis:

441 1915 513 1981 «quod
526 1915 616 1976 iuuat,
629 1915 735 1967 inuitae
746 1931 827 1982 saepe
838 1917 945 1969 dedisse
956 1919 1061 1970 uolunt.

408 1995 598 2047 quaecumque
609 1986 652 2031 est
665 1980 779 2032 Veneris
789 1981 883 2033 subita
894 1983 999 2034 uiolata
1010 1999 1040 2034 ra
1059 1983 1114 2046 ina,
1141 1985 1189 2048 675

441 2043 554 2110 gaudet,
568 2050 597 2095 ct
608 2045 761 2110 inprobitas
773 2047 893 2098 muneris
904 2047 992 2100 instar
1003 2048 1040 2100 lia
1075 2053 1093 2100 t

409 2114 439 2160 at
451 2125 521 2176 quae
533 2125 595 2161 cum
607 2115 699 2176 posset
709 2111 778 2176 cogi,
788 2126 842 2162 non
854 2117 930 2163 tacta
940 2113 1059 2176 recessit,

442 2181 475 2225 ut
486 2172 598 2225 simulet
611 2173 691 2226 uultu
739 2173 814 2238 udia,
826 2175 914 2228 tristis
925 2177 983 2229 erit

410 2239 467 2290 uim
479 2254 561 2304 passa
571 2243 615 2290 siit
627 2237 702 2291 Phoe
745 2258 753 2300 t
770 2239 814 2292 uis
824 2246 867 2292 est
877 2239 965 2293 allata
976 2241 1076 2294 sorori:

443 2309 473 2355 et
484 2309 578 2369 gratm
590 2310 686 2370 raptae
697 2309 790 2371 raptor
801 2311 916 2372 uterque
927 2304 988 2358 iiiit.
1142 2307 1192 2357 680

410 2367 506 2419 tabula
517 2375 584 2419 nota
595 2368 716 2434 quidem,
730 2368 776 2420 sed
789 2385 843 2420 non
855 2369 968 2436 indigna
980 2369 1080 2433 reterri,

444 2432 552 2498 Scyrias
565 2432 719 2484 Haemonio
730 2433 826 2486 iuncta
837 2433 929 2500 puella
940 2435 1006 2486 uiro.

411 2498 466 2548 iarn
478 2497 530 2548 dea
541 2496 673 2549 laudatae
684 2496 797 2549 dederat
808 2497 883 2550 mala
893 2500 1014 2565 praemia
1024 2493 1126 2552 formae

444 2561 513 2613 colle
525 2561 578 2613 sub
590 2561 674 2613 Idaeo
685 2562 795 2614 uincere
806 2563 890 2628 digne
900 2564 978 2625 duas,

411 2627 466 2678 iarn
478 2641 565 2678 numa
575 2624 611 2679 ad
625 2626 766 2678 Priamum
777 2626 886 2679 diuerso
895 2633 1009 2680 uenerat
1020 2627 1093 2692 orbe,
1143 2628 1192 2695 685

444 2691 583 2758 Graiaque
595 2691 623 2742 in
636 2691 729 2743 Iliacis
739 2692 882 2743 moenibus
892 2708 961 2745 uxor
971 2699 1046 2746 erat:

411 2755 542 2808 iurabant
553 2771 648 2807 omnes
659 2756 688 2807 in
700 2755 767 2808 laesi
780 2757 864 2808 uerba
876 2757 986 2820 mariti:

444 2836 507 2872 nani
520 2819 597 2872 dolor
609 2820 692 2872 unius
702 2821 812 2896 publica
823 2837 906 2873 causa
916 2821 978 2873 fuit.

412 2893 491 2951 turpe
502 2885 556 2937 uisi
567 2883 619 2936 hoe
630 2891 726 2936 matris
756 2885 861 2938 recibus
873 2886 1023 2950 tribuisset,
1037 2887 1160 2941 Achilles

444 2956 523 3002 ueste
534 2950 625 3001 uirum
638 2949 721 3015 longa
750 2949 920 3002 issimulatus
932 2958 998 3004 erat.
1143 2956 1193 3017 690

413 3015 478 3083 quid
491 3015 568 3076 iacis,
582 3013 723 3066 Aeacide?
738 3030 793 3066 non
804 3021 870 3067 sunt
881 3023 930 3067 tua
942 3032 1056 3070 munera
1066 3017 1153 3070 lanae.

445 3084 476 3130 tu
488 3078 587 3131 titulos
597 3077 654 3130 alia
666 3078 789 3130 Palladis
800 3086 859 3131 arte
871 3087 955 3146 petas

413 3144 478 3212 quid
485 3142 738 3195 iibicuniealathisi
748 3143 836 3210 clipeo
843 3161 940 3196 inaniis
949 3145 1132 3214 aptaierendo
1139 3151 1189 3198 est.

445 3223 530 3285 pensa
541 3207 608 3283 quid
619 3207 648 3259 in
660 3207 767 3270 dextra,
780 3225 836 3275 qua
847 3209 926 3262 cadet
938 3212 1048 3274 Hector,
1062 3211 1163 3264 habcst
1228 3255 1231 3262 .

414 3289 484 3325 reice
495 3278 647 3324 succinctos
659 3288 771 3338 operoso
782 3275 987 3329 stamine-fusos
998 3295 1005 3338 ;
1145 3278 1193 3340 695

446 3337 604 3403 quassanda
615 3343 658 3388 est
669 3338 725 3390 ista
736 3337 827 3392 Pelias
838 3339 920 3393 hasta
930 3357 1021 3393 marm.

414 3402 483 3454 torte
496 3408 555 3453 erat
566 3401 594 3452 iii
608 3401 730 3454 thalamo
741 3404 820 3471 uirgo
831 3407 929 3473 regalis
941 3406 1051 3459 eodeni:

447 3468 514 3518 liaec
526 3466 605 3517 illurn
617 3473 712 3532 stupro
724 3471 854 3536 comperit
866 3487 924 3523 esse
935 3471 1032 3522 uirum.

415 3532 521 3583 uiribus
532 3530 581 3607 illa¹
592 3531 704 3608 qiiiderii
716 3534 792 3587 uicta
803 3542 846 3587 est
855 3536 906 3598 (ita
916 3535 1023 3588 eredere
1034 3537 1159 3601 oportet),

448 3597 495 3647 sed
508 3595 597 3647 nolint
608 3613 682 3648 uinci
695 3599 800 3650 uiribus
811 3599 861 3652 illa
871 3606 972 3652 tamea.
1146 3612 1195 3662 700

414 3667 515 3778 sappptj
524 3677 604 3712 mane
615 3661 621 3684 ’
632 3661 714 3779 distip,
728 3679 789 3715 carn
802 3665 1025 3780 iamtproperareit
1036 3662 1173 3716 Achilles:

502 3743 529 3778 ia
540 3743 604 3778 nam
667 3743 676 3778 ι
718 3745 778 3780 sum
827 3746 841 3780 r
882 3745 959 3780 arma
970 3745 1001 3780 ca
1012 3746 1034 3780 o.

414 3791 457 3842 uis
469 3791 516 3842 ubi
528 3807 601 3843 nunc
613 3808 622 3842 i
634 3791 662 3844 la
672 3798 732 3844 est?
748 3745 929 3870 quiiebiinda
939 3809 1006 3846 uoce
1016 3792 1129 3844 moraris

447 3862 585 3908 auctorem
597 3857 695 3923 stupri,
709 3857 863 3920 Deidamia,
876 3859 937 3910 tuit

414 3920 518 3996 scilicet
528 3929 562 3997 Ιιιι
573 3921 661 3987 pudor
671 3928 714 3974 est
726 3923 861 3988 quaedam
873 3922 992 3990 coepisse
1003 3921 1127 3990 priorem,
1147 3933 1194 3986 705

447 4001 486 4036 sic
497 3985 552 4037 alio
563 3993 673 4052 gratum
686 3991 728 4039 est
739 3987 886 4063 incipiente
898 3989 963 4054 pati.

415 4066 440 4109 a,
452 4051 537 4101 nimia
548 4057 591 4102 est
601 4051 696 4103 iuueni
709 4067 832 4118 propriae
844 4052 943 4104 fiducia
954 4053 1065 4113 termae,

447 4121 576 4181 expectat
586 4115 609 4166 si
630 4117 682 4177 uis,
694 4116 759 4168 dum
772 4117 843 4183 prior
855 4116 904 4168 illa
914 4123 996 4192 reget.

415 4179 459 4230 uir
470 4182 543 4257 prior
553 4133 675 4240 acceilat,
689 4181 732 4232 uir
743 4181 979 4296 nerbaplrecantia
989 4181 1062 4232 dicat
1074 4201 1080 4231 i

416 4244 1062 4386 „ruintmistiritiirirmm2
1148 4255 1196 4307 ⁷¹0

467 4391 484 4425 e
494 4389 605 4425 causam
617 4380 677 4425 uoti
688 4390 905 4442 pnncipiumqua
916 4380 966 4426 tui.

417 4437 541 4505 luppiter
552 4438 587 4490 ad
599 4445 708 4490 ueteres
718 4439 833 4507 supplex
847 4439 971 4492 heroidas
982 4437 1057 4491 ibat:

1272 1786 1392 1854 pallidus
1404 1787 1432 1838 in
1445 1787 1522 1839 lenta
1534 1786 1622 1838 Naide
1635 1785 1758 1852 Daphnis
1769 1790 1835 1838 erat.

1215 1854 1217 1917 l
1241 1858 1342 1917 arguat
1352 1857 1381 1902 et
1393 1851 1494 1902 macies
1506 1851 1627 1902 animuin
1641 1870 1647 1908 ;
1664 1865 1713 1901 nce
1725 1855 1804 1916 turpe
1816 1849 1921 1916 putaris

1215 1944 1217 1968 ι
1274 1914 1416 1990 palliolum
1429 1915 1525 1967 nitidis
1536 1915 1686 1991 inposuisse
1697 1915 1787 1966 cornis.

1216 2023 1218 2040 ,
1241 1985 1391 2033 attenuant
1403 1995 1535 2032 iuuenum
1548 1980 1680 2043 uigilatae
1691 1995 1802 2045 corpora
1813 1983 1905 2031 noctes
1973 1988 2019 2042 755

1274 2060 1394 2110 curaque
1406 2053 1436 2096 et
1447 2045 1475 2096 in
1487 2060 1587 2111 magno
1598 2043 1645 2110 qni
1657 2043 1688 2094 sa
1699 2059 1789 2096 anicrc
1797 2042 1880 2095 dolor.

1242 2115 1276 2161 ut
1287 2109 1469 2185 uotoipotiare
1481 2115 1539 2172 tuo,
1553 2106 1714 2160 miserabilis
1725 2113 1801 2168 estc:

1276 2179 1310 2225 rit
1321 2189 1370 2256 qiu
1381 2180 1410 2226 te
1421 2173 1525 2236 uideat,
1538 2173 1626 2225 dicere
1638 2173 1724 2239 possit
1737 2172 1846 2224 ‘amas'

1244 2254 1403 2305 conquerar,
1413 2254 1448 2290 an
1458 2253 1592 2300 moneam,
1603 2238 1721 2289 mixtum
1733 2237 1775 2288 ias
1786 2252 1865 2288 omne
1877 2235 2023 2302 nefasque?

1276 2319 1376 2355 nomen
1388 2303 1512 2355 amicitia
1522 2309 1573 2364 ea,
1587 2317 1685 2354 nomen
1697 2302 1777 2354 inane
1789 2302 1862 2353 fides.
1975 2313 2024 2362 740

1245 2367 1271 2420 ei
1282 2367 1359 2428 milii,
1373 2383 1427 2420 non
1442 2375 1536 2420 tutum
1549 2371 1599 2428 est,
1614 2367 1686 2444 quod
1698 2382 1781 2427 ames,
1794 2365 1906 2418 laudare
1918 2364 2022 2416 sodali!

1278 2448 1341 2484 crim
1353 2431 1405 2484 tibi
1416 2431 1543 2484 laudanti
1555 2431 1679 2492 credidit,
1691 2431 1749 2496 ipse
1760 2430 1842 2482 subit.

1245 2503 1276 2549 at
1287 2513 1341 2548 non
1354 2497 1499 2549 Actorides
1510 2497 1612 2548 lectum
1625 2495 1770 2547 tenicraiiit
1781 2493 1913 2546 Achillis:

1278 2568 1415 2629 quantuni
1426 2561 1461 2612 ad
1476 2561 1638 2620 Pirithoum,
1650 2559 1773 2610 Phaedra
1803 2559 1883 2610 ridica
1894 2557 1955 2609 init.

1248 2626 1424 2678 Hermionam
1436 2625 1554 2692 Pylades
1562 2624 1633 2690 quod
1644 2622 1758 2675 Pallada
1768 2575 1893 2674 Piiocbus
1901 2622 2022 2683 amabat,

1279 2691 1407 2806 quodpue
1418 2689 1471 2742 tibi
1482 2690 1616 2755 geminus,
1630 2687 1758 2754 Tpmdari,
1773 2687 1877 2763 Castor,
1891 2694 1957 2739 erat.
1977 2691 2025 2750 746

1247 2755 1333 2823 siquis
1344 2755 1354 2807 i
1374 2771 1416 2808 em
1429 2760 1529 2822 sperat,
1543 2754 1663 2805 iacturas
1674 2767 1754 2820 poma
1765 2767 1880 2818 niyncas

1279 2826 1379 2886 speret,
1390 2825 1420 2873 et
1430 2835 1446 2871 e
1458 2819 1549 2871 medio
1559 2818 1670 2870 flumine
1682 2816 1764 2870 niella
1774 2822 1859 2883 petat.

1249 2884 1287 2936 nil
1300 2885 1353 2936 nisi
1365 2892 1445 2950 turpe
1456 2883 1545 2944 iuuat,
1560 2898 1640 2934 curae
1652 2897 1703 2933 sua
1713 2880 1811 2948 cuique
1823 2879 1966 2947 uoluptas:

1281 2949 1348 3002 haec
1359 2964 1468 3016 quoque
1479 2947 1516 3000 ab
1526 2947 1641 2999 alterius
1652 2950 1732 3012 grata
1743 2945 1833 2997 dolore
1844 2947 1929 2997 iienit.
1977 2957 2026 3010 750

1249 3015 1302 3066 lieu
1313 3013 1438 3066 iacinria!
1456 3028 1510 3065 non
1522 3019 1564 3064 est
1576 3011 1662 3062 bostis
1674 3010 1836 3062 metuendus
1847 3010 1960 3061 anianti.

1186 3105 1188 3110 ·
1280 3095 1348 3146 qiios
1360 3077 1447 3130 credis
1459 3077 1535 3140 lidos,
1549 3076 1653 3142 effuge:
1671 3081 1749 3126 tutus
1760 3075 1819 3126 eris.

1248 3151 1394 3210 cognatum
1407 3143 1518 3194 fratrem
1541 3157 1575 3192 iic
1586 3156 1654 3192 caue
1665 3155 1810 3205 cammque
1821 3137 1941 3191 sorlalcni
1952 3159 1959 3190 ε

1281 3207 1423 3284 praebebit
1434 3158 1593 3258 uarosiiaec
1605 3205 1655 3257 tibi
1666 3204 1749 3280 ¹turba
1760 3209 1856 3279 metus.

1248 3273 1470 3326 finitumserani
1507 3270 1555 3322 sed
1568 3275 1634 3322 sunt
1646 3269 1755 3320 diuersa
1784 3267 1863 3319 uellis
1979 3279 2025 3333 755

1281 3345 1405 3404 pectora:
1423 3335 1500 3388 mille
1511 3335 1616 3387 aniinos
1628 3333 1723 3399 excipe
1734 3284 1809 3384 nuile
1820 3331 1915 3384 modis.

1249 3419 1298 3454 nec
1309 3402 1393 3454 tellus
1404 3401 1500 3452 eadem
1513 3400 1586 3466 paiit
1597 3398 1695 3449 omnia.
1732 3397 1836 3448 iiitibiis
1848 3395 1897 3448 ilia

1280 3466 1419 3526 conuenit,
1432 3465 1499 3516 liaec
1511 3463 1595 3524 olcis:
1612 3463 1655 3514 liic
1668 3462 1734 3512 bene
1745 3461 1818 3513 farra
1829 3461 1925 3512 nirent.

1248 3531 1401 3598 pectoribus
1413 3546 1501 3582 niores
1513 3535 1556 3580 tot
1566 3535 1640 3588 sunt,
1672 3526 1759 3577 notin
1772 3525 1835 3577 orbe
1848 3527 1949 3590 figurae
1962 3545 1968 3576 :

1281 3597 1329 3663 qui
1340 3595 1423 3662 sapit,
1434 3593 1585 3646 innumeris
1596 3545 1714 3643 moribus
1725 3597 1807 3666 aptus
1818 3590 1879 3666 epit,
1979 3591 2028 3653 760

1248 3666 1334 3727 utque
1346 3659 1421 3712 lenes
1434 3659 1550 3710 Proteus
1561 3657 1641 3708 niodo
1652 3671 1681 3707 sc
1693 3654 1820 3708 tenuabit
1832 3670 1859 3704 iri
1873 3653 1969 3716 undas,

1281 3741 1353 3777 nune
1365 3725 1416 3785 lec,
1430 3740 1503 3775 nunc
1514 3723 1602 3783 arbor,
1616 3737 1688 3772 nnnc
1699 3721 1752 3771 crit
1763 3719 1852 3770 liirtns
1863 3735 1934 3785 aper.

1248 3791 1277 3843 lii
1289 3789 1378 3842 iaculo
1390 3790 1485 3855 pisces,
1499 3787 1540 3839 ilii
1553 3787 1698 3852 capiuntur
1708 3785 1744 3836 ab
1755 3783 1851 3845 liauiis,

1281 3855 1331 3906 lies
1342 3869 1412 3906 caua
1423 3858 1552 3904 contento
1564 3851 1634 3902 retia
1645 3850 1710 3900 inne
1721 3847 1843 3900 tralmnt.

1249 3935 1298 3971 nec
1306 3919 1357 3970 tibi
1367 3917 1513 3969 conueniet
1522 3922 1635 3967 cunctos
1642 3913 1738 3964 modus
1745 3928 1816 3963 unus
1825 3911 1859 3964 ad
1869 3927 1961 3962 annos.
1979 3915 2025 3977 765

1282 3984 1390 4047 lonpius
1402 3981 1515 4034 insidias
1527 3996 1609 4031 cerua
1620 3977 1725 4029 uidebit
1736 3993 1812 4028 anns.

1248 4049 1271 4100 si
1284 4049 1382 4099 doctus
1394 4045 1505 4098 uideare
1517 4045 1579 4096 rudi
1588 4042 1753 4120 petulansue
1764 4040 1887 4117 pudenti,

1281 4113 1388 4164 diffidet
1398 4111 1513 4162 miserae
1525 4117 1649 4176 protinus
1661 4107 1709 4158 illa
1719 4106 1779 4158 sibi.

1248 4178 1312 4229 inde
1324 4179 1365 4238 tit,
1378 4181 1411 4227 ιιι
1422 4191 1494 4242 quae
1505 4191 1535 4226 se
1546 4173 1640 4226 timuit
1651 4171 1821 4223 committere
1833 4170 1955 4230 honesto,

1280 4242 1385 4294 uilisin
1397 4237 1685 4306 amplexusinierioris
1696 4241 1748 4288 eat
1979 4246 2026 4298 770

1248 4323 1309 4375 pars
1321 4311 1433 4372 superat
1445 4305 1543 4370 coepti,
1557 4320 1619 4370 pars
1630 4306 1674 4352 est
1685 4299 1820 4352 exhausta
1830 4297 1936 4350 laboris.

1280 4373 1324 4423 liic
1336 4377 1432 4423 teneat
1444 4379 1553 4421 nostras
1564 4383 1663 4420 ancora
1673 4365 1746 4418 iacta
1757 4371 1835 4416 rates.

475 4605 487 4651 1
503 4607 546 4652 667
560 4611 635 4653 :iacto
647 4605 742 4664 licina,
755 4605 806 4653 uda
817 4605 893 4665 uulg..
906 4611 993 4652 000010
1011 4604 1070 4660 110,
1083 4607 1144 4650 rista
1160 4601 1241 4650 (laeli.
1274 4603 1319 4648 666
1329 4606 1405 4650 edon
1416 4601 1520 4660 rirmpri't
1531 4597 1590 4653 RO.
1603 4603 1681 4645 cetera
1691 4599 1766 4644 sumet
1775 4592 1841 4652 uulg.
1874 4593 1918 4638 666
1928 4594 1994 4640 molo
2004 4593 2027 4640 R

417 4665 509 4720 (10011,
521 4679 567 4711 rua
575 4665 652 4711 blerlr.
663 4681 692 4712 ex
699 4665 751 4712 cod.
764 4667 850 4712 Zwica
882 4667 927 4710 666
940 4666 1034 4712 duqsO
1044 4678 1088 4723 pro
1097 4677 1149 4710 iias.
1161 4677 1207 4708 scr.
1219 4667 1270 4708 tres
1281 4663 1385 4718 Heinsil,
1398 4675 1475 4707 umus
1487 4661 1509 4706 R
1519 4659 1601 4706 (laeli.
1614 4657 1680 4714 uulg.
1713 4657 1757 4700 716
1770 4652 1985 4722 06006000700100
1995 4653 2028 4724 It,¹

418 4727 490 4772 datiis
506 4725 535 4770 0.
568 4724 894 4782 inritamentum.
925 4723 1052 4780 palladiae
1066 4721 1134 4768 codd.
1153 4721 1269 4780 plerique,
1287 4722 1372 4779 puella
1389 4721 1434 4767 din
1453 4720 1482 4765 P..
1515 4719 1560 4762 iso
1575 4718 1644 4763 stulti
1665 4713 1806 4770 Hcrtaberg,
1824 4711 1943 4781 0060111,
1962 4713 2028 4757 nulls

417 4783 528 4840 Mueller,
546 4781 752 4840 multis-patris?
774 4781 878 4830 Palmer.
911 4783 955 4827 761
970 4781 1059 4828 emt).
1092 4780 1179 4826 Dirces
1195 4779 1291 4836 Heins,
1308 4781 1384 4826 linces
1399 4779 1429 4834 R,
1448 4777 1506 4826 Side
1526 4777 1648 4830 Schultas,
1666 4775 1727 4820 Ia'ro
1745 4771 1836 4828 Unger.
1868 4784 1939 4816 orion
1956 4769 2025 4818 codd.

417 4843 533 4902 plerique,
551 4843 624 4886 arion
642 4841 670 4887 R.
704 4843 748 4886 iss
763 4843 793 4888 s’a
806 4841 869 4898 Ro,
888 4854 901 4887 ε
917 4839 983 4898 uulg.
1016 4839 1183 4897 7167100600
1199 4837 1278 4892 codd..
1293 4838 1379 4884 000000
1394 4837 1493 4884 lachin.
1527 4837 1572 4879 766
1587 4833 1651 4892 qaod
1669 4833 1788 4902 116),οιιο
1804 4828 1880 4898 uulsi
1893 4843 1941 4885 977
1957 4827 2025 4875 Ehw-

417 4899 839 4957 7476060000Βο,10600000010
871 4899 916 4943 766
931 4897 1041 4952 tesso,
1054 4898 1100 4944 600
1113 4896 1190 4944 Mers.
1223 4897 1268 4944 766
1282 4897 1381 4945 lii-illi
1396 4895 1451 4943 edd.
1464 4894 1591 4952 riett.,lii'e
1604 4891 1683 4948 codd,
1696 4890 1748 4938 illic
1764 4889 1793 4947 0,
1809 4889 1854 4935 dtu
1870 4887 1898 4933 ll.
1931 4887 2029 4935 tuber

417 4959 472 5006 edd.
485 4962 559 5014 cett..
571 4958 611 5004 liic
623 4958 646 5004 R
657 4971 687 5004 ex
697 4973 768 5017 corn,
780 4959 838 5007 liceo
848 4957 878 5014 Ο,
890 4958 933 5007 boc
944 4957 973 5004 R.
1005 4958 1051 5002 iro
1064 4959 1092 5004 i'n
1103 4955 1133 5014 0,
1145 4955 1178 5003 ad
1189 4955 1218 5003 R.
