4950 6434
465 427 516 482 356

465 592 562 658 longus
572 608 648 644 amor
659 593 728 646 talea
738 609 834 661 corpus
846 595 973 648 tenueuit
983 597 1013 648 in
1024 611 1101 658 ιιιιιιι,
1227 609 1242 665 5

497 665 616 724 aptaque
627 657 762 710 subducto
773 676 882 728 corpore
893 661 1015 714 membra
1025 661 1110 714 dedit

464 721 511 775 ille
523 739 570 789 per
580 723 710 774 excubias
720 726 864 776 custodum
876 726 974 780 leniter
984 727 1024 778 ire

495 793 647 849 monstram
664 787 809 841 inoffensos
820 790 915 856 dirigit
926 791 973 843 ille
985 791 1075 858 pedes.

462 858 493 904 at
504 852 759 970 quorfflaqmtgrocltem
771 854 976 970 eirnnla'cratqm:¹
982 855 1200 971 useanattimebem
1211 875 1243 972 ιω

495 933 534 968 mr
683 934 754 970 ens
785 935 803 969 u
847 935 911 971 ursi
926 936 943 970 u
978 937 991 970 e
1020 936 1050 970 ra

462 934 578 1044 risitfrfft
587 935 718 1044 aridirlelm,
732 935 899 1034 arierffqccm
910 989 999 1035 matre
1011 983 1125 1051 Cupido,

495 1053 524 1098 et
535 1046 632 1100 leniter
645 1046 708 1098 ‘lies
719 1053 751 1098 tu
762 1063 870 1113 quoque
881 1047 969 1098 lortis’
980 1047 1029 1098 ait.

463 1125 513 1162 nec
525 1127 608 1173 mora,
620 1111 697 1163 uenit
708 1127 801 1163 emor:
820 1127 874 1163 non
887 1111 998 1164 umbras
1010 1117 1090 1166 nocte
1102 1112 1231 1176 uolentis,

495 1191 550 1227 non
562 1177 645 1227 timeo
655 1175 765 1227 strictas
777 1175 805 1227 in
817 1191 879 1229 mea
890 1176 950 1228 iata
961 1193 1067 1230 manus.

463 1243 491 1291 te
503 1239 618 1292 nimium
629 1239 735 1292 lentum
747 1240 830 1292 timeo
841 1261 849 1304 ι
867 1241 919 1293 tibi
932 1241 1057 1294 blandior
1067 1243 1133 1296 uni:
1212 1259 1221 1296 ι
1227 1257 1241 1311 5

495 1310 535 1365 tu,
549 1320 592 1356 me
603 1320 657 1372 quo
668 1305 754 1372 possis
765 1304 884 1372 perdere,
897 1305 1002 1359 tulmen
1014 1307 1107 1360 hebes.

461 1367 573 1435 adspice
585 1373 632 1432 (et,
645 1375 678 1421 ut
688 1369 793 1432 nidees,
806 1370 916 1424 inmitia
926 1371 1049 1426 claustra
1059 1372 1175 1436 relaxa),

494 1433 550 1486 uda
560 1433 598 1486 sit
609 1439 640 1486 ut
651 1433 770 1488 lacrimis
780 1435 865 1488 ianne
875 1435 951 1489 lacta
962 1436 1039 1489 meis.

461 1505 535 1550 certe
546 1513 606 1567 ego,
619 1514 681 1551 cnm
692 1499 781 1566 posita
791 1506 878 1552 stares
888 1499 925 1552 ed
936 1500 1052 1554 uerbere
1062 1507 1149 1565 ueste,

494 1561 530 1616 ed
542 1561 679 1616 dominam
687 1580 739 1642 pro
747 1571 775 1617 te
787 1565 871 1617 uerba
882 1569 1018 1618 tremente
1029 1565 1091 1619 tuli.
1209 1582 1241 1619 ιο

461 1642 491 1678 er
536 1642 607 1695 quae
618 1627 708 1680 ualuit
719 1643 768 1695 pro
778 1632 807 1681 te
818 1645 927 1696 quoque
987 1629 1029 1681 tie
1040 1630 1189 1697 quondam,

491 1643 549 1744 {tn
559 1692 665 1745 lacinus
677 1697 682 1744 Ι
700 1709 748 1759 pro
759 1709 803 1745 me
814 1709 887 1746 nunc
898 1709 916 1744 u
946 1700 975 1746 et
986 1693 1037 1746 illa
1048 1701 1164 1760 perum?

461 1755 544 1808 redde
555 1756 642 1809 uicem
654 1757 767 1809 meritis.
791 1763 871 1824 grato
881 1757 946 1810 licet
957 1773 1031 1819 esses
1048 1759 1116 1826 qnid
1128 1765 1240 1828 elutos!

494 1827 617 1887 ternpore
627 1821 714 1872 noctis
725 1828 793 1873 eunt
803 1842 810 1873 ι
827 1827 926 1874 excute
937 1827 1016 1888 poste
1026 1838 1123 1876 serum.

460 1890 566 1936 excute.
602 1883 642 1936 sic
652 1901 783 1952 umquem
794 1885 877 1952 longa
887 1885 1008 1940 relenere
1020 1893 1128 1952 catena,
1207 1902 1238 1956 25

493 1965 544 2001 nac
556 1947 607 2000 tibi
619 1956 751 2017 perpetuo
761 1966 843 2002 serua
854 1950 965 2004 bibetur
975 1967 1056 2018 aqua

459 2012 562 2065 terreus
573 2019 695 2066 orantem
707 2015 882 2082 nequiquam,
895 2015 1005 2079 ianitor,
1018 2016 1107 2070 sudis.

493 2077 633 2130 roboribus
645 2077 721 2130 duris
732 2078 817 2131 ianua
828 2079 901 2132 lnlta
912 2079 990 2156 riget

460 2141 574 2194 urbibus
584 2142 701 2195 obsessis
711 2143 822 2196 clausae
833 2144 987 2197 munimina
997 2149 1093 2212 portae

492 2213 606 2283 pressant
616 2227 622 2259 ι
639 2207 668 2258 in
680 2207 772 2260 media
782 2224 848 2275 pace
859 2209 925 2276 qnid
936 2224 1014 2262 erma
1025 2211 1126 2262 times!
1208 2227 1240 2279 30

459 2270 527 2338 quid
537 2270 621 2324 iacies
632 2271 713 2335 hosti,
726 2273 774 2341 qui
785 2273 825 2326 sic
836 2273 958 2327 excludis
970 2280 1129 2328 amantem?

491 2337 712 2414 tempora'noctis
723 2343 807 2416 eunt:
825 2344 924 2416 excute
935 2345 1013 2407 poste
1023 2355 1121 2418 serem.

459 2401 1104 2546 ”erasit{assemsum
1116 2425 1124 2458 ²

459 2528 533 2582 hunc
543 2547 602 2598 ego,
615 2545 640 2583 ss
650 2547 766 2598 capsam,
779 2549 915 2610 nusquam
927 2533 1066 2587 dimittere
1077 2550 1204 2602 possum

491 2604 558 2648 ante
568 2595 781 2649 uelamernbris
792 2597 901 2650 dimder
911 2599 970 2666 ipse
981 2599 1057 2651 meis.
1206 2603 1238 2666 36

459 2674 524 2726 ergo
535 2661 621 2712 Amor
631 2666 660 2713 et
671 2661 806 2714 modicum
817 2662 889 2715 circa
899 2679 962 2718 mee
972 2668 1097 2730 tempore
1108 2663 1205 2718 uinum

491 2740 598 2777 mecum
609 2729 651 2777 est
662 2730 691 2776 et
701 2725 818 2778 madidis
829 2726 907 2794 lapsa
918 2743 1017 2780 corone
1027 2729 1120 2781 oomh.

458 2804 537 2840 erma
547 2789 609 2856 quie
619 2789 686 2842 haec
697 2791 814 2843 timeat!
829 2791 892 2858 quie
903 2807 958 2844 non
969 2797 1017 2844 eet
1027 2793 1127 2846 obuius
1139 2792 1214 2846 illis?

490 2859 614 2920 tempore
624 2854 711 2906 noctis
722 2860 790 2907 sunt
801 2875 807 2907 ι
825 2861 924 2908 excute
985 2862 1013 2909 te
1024 2872 1121 2910 seram
1204 2875 1238 2922 οι

457 2915 550 2970 lentus
561 2934 599 2980 es,
612 2933 648 2970 an
660 2933 778 2981 somnne,
792 2919 840 2987 qni
851 2925 880 2972 te
890 2937 918 2972 m
949 2937 964 2973 e
975 2921 1076 2988 prodit,
1088 2922 1209 2975 amantis

490 2982 576 3035 nerbe
585 2982 635 3035 dat
645 2982 674 3034 in
685 2987 783 3036 uentos
793 3000 860 3037 ense
871 2999 899 3037 re
991 2991 1059 3039 tnat

457 3051 497 3109 at,
511 3047 632 3126 menri-nin,
645 3047 740 3124 primo,
753 3063 816 3128 cnm
826 3053 855 3102 te
864 3065 895 3102 ce
906 3065 953 3126 are
963 3049 1101 3116 nolebam,

458 3111 1121 3254 remitmittlltttqoethhm
1205 3194 1238 3248 4⁵

489 3240 554 3303 hen,
567 3240 662 3294 mehor
672 3247 777 3318 quanto
788 3257 846 3294 sors
857 3247 908 3296 tna
918 3249 992 3296 sorte
1003 3250 1082 3297 mee!

458 3305 605 3357 dummodo
616 3306 663 3368 sie,
677 3321 705 3358 ιιι
717 3322 761 3358 me
772 3306 857 3360 durae
867 3308 983 3360 transite
993 3314 1115 3363 catenae.

489 3375 614 3436 tempora
624 3371 712 3422 noctis
722 3377 805 3424 eunt:
823 3377 922 3425 excute
933 3377 1012 3440 poste
1023 3389 1121 3427 seram

458 3433 589 3497 fallimur,
602 3451 637 3487 en
646 3449 726 3487 uerso
736 3442 887 3514 sonnemnt
898 3436 1008 3490 cardine
1020 3443 1122 3504 postes,

455 3501 1105 3642 sitite??.ttltbt⁰eiltl⁶ltt.fhtl.
1207 3517 1239 3571 ⁵⁰

490 3644 516 3680 er
527 3627 604 3691 milri,
617 3645 700 3696 quam
713 3629 792 3697 longe
803 3647 879 3699 spem
891 3632 957 3684 tulit
968 3647 1037 3684 enrs
1048 3648 1139 3685 meam
1150 3637 1156 3685 l

457 3692 480 3744 ei
493 3693 561 3745 setis
572 3710 601 3746 es
613 3700 717 3760 raptae,
732 3695 827 3757 Borea,
836 3713 940 3749 memor
952 3696 1105 3762 Orithyiae,

490 3757 544 3810 huc
554 3757 620 3810 sdes
631 3765 660 3810 et
670 3759 767 3811 surdas
779 3759 889 3813 flamine
900 3761 988 3814 tnnde
998 3761 1073 3815 ieris.

457 3821 1066 3892 nrbesilent-totenitreoquemadentierore
1206 3839 1237 3894 55

489 3892 612 3954 tempore
623 3889 710 3939 noctis
721 3895 788 3940 eunt
800 3909 805 3940 ι
823 3895 922 3942 excute
934 3895 1012 3958 poste
1024 3906 1122 3943 seram.

456 3957 507 4004 aut
519 3967 569 4017 ego
580 3952 635 4003 ism
647 3953 771 4029 ferroque
782 3954 894 4022 ignique
905 3955 1027 4021 paratior
1037 3956 1104 4022 ipse,

456 4015 648 4156 nogugtmllffi
653 4019 1213 4160 zuizturffigsssitffipggmieffiadm:

489 4143 539 4196 ille
549 4145 651 4212 pudore
662 4151 753 4209 uacat,
788 4147 847 4199 rber
858 4150 998 4216 Amorque
1009 4154 1095 4201 metu.
1204 4153 1237 4202 60

455 4209 549 4262 omnia
558 4211 721 4277 consumpsi,
733 4226 783 4264 nec
794 4217 822 4264 te
833 4212 1012 4282 precibusque
1022 4213 1160 4282 minisque

488 4273 634 4336 monimus,
648 4274 779 4328 oleribus
790 4275 884 4328 durior
894 4277 952 4344 ipse
964 4277 1029 4330 tuis.

455 4354 510 4390 non
522 4345 551 4391 te
562 4339 694 4391 temesae
706 4339 799 4392 decuit
810 4356 920 4395 seruere
931 4341 1040 4410 puellae

488 4403 603 4466 liminas
619 4403 736 4456 sollicito
747 4419 853 4458 carcere
864 4406 964 4473 dignus
975 4421 1045 4460 ersa

454 4467 565 4536 iamque
575 4469 719 4535 pruinosus
731 4469 843 4523 molitur
852 4470 961 4524 Lucifer
971 4486 1047 4534 exea,
1204 4477 1235 4539 65

488 4533 572 4600 inque
582 4549 663 4586 snum
674 4533 786 4586 miseros
798 4535 902 4588 excitet
912 4536 971 4588 ales
981 4551 1058 4614 opus.

455 4602 486 4649 et
498 4603 538 4659 tu,
553 4613 606 4650 non
617 4597 698 4651 laetis
709 4598 833 4652 detracta
843 4615 942 4652 corona
953 4599 1071 4667 capillis,

489 4662 558 4715 dnra
569 4678 651 4729 super
661 4667 721 4715 tota
729 4662 826 4716 limine
837 4670 916 4717 nocte
927 4665 993 4717 iace.

455 4730 487 4778 tu
500 4727 634 4789 dominae,
647 4743 709 4779 cum
721 4733 749 4780 te
760 4729 907 4805 proiectam
919 4745 1000 4781 mane
1012 4729 1128 4793 uidebit,

488 4792 617 4857 temporie
628 4791 724 4844 absum
746 4799 769 4845 tr
781 4801 838 4845 tam
849 4793 921 4846 male
932 4795 1011 4846 testie
1022 4795 1084 4848 eris.
1204 4811 1237 4864 70

454 4854 671 4922 qualiscumque,
685 4872 702 4908 n
733 4873 756 4918 ο,
769 4857 896 4925 sentique
907 4857 1035 4910 abeuntis
1046 4859 1193 4916 honorem:

487 4918 564 4971 lente
573 4936 623 4972 nec
633 4919 753 4973 admisso
763 4922 853 4989 turpis
864 4927 983 4986 emente,
996 4923 1069 4976 nale.

454 4984 769 5118 “tilhlsittb
779 4987 867 5118 iffi
877 4986 1158 5106 bethleem

857 5089 865 5115 2
972 5089 980 5116 1

931 428 964 482 P.
992 427 1104 484 OVIDI
1124 429 1295 484 NASONIS
1315 429 1484 482 AMORVM
1503 429 1577 482 ΗΒ.
1601 427 1617 480 l

1654 724 1710 777 Vll

1292 853 1373 906 Adde
1383 869 1480 907 manus
1491 851 1519 906 ln
1531 853 1622 907 uincla
1633 870 1707 908 meas
1720 859 1851 917 (meruere
1862 857 1994 918 catenast,

1325 919 1390 971 dum
1402 920 1475 971 furor
1486 919 1573 972 omnis
1584 919 1651 981 abit,
1664 920 1751 988 siquis
1762 920 1867 972 amicus
1877 921 1951 996 adea
2003 982 2010 996 θ

1293 999 1357 1035 nam
1368 984 1442 1036 inror
1452 985 1481 1036 in
1492 984 1630 1038 dominam
1642 984 1786 1038 temerarie
1798 983 1925 1037 bracchas
1936 985 2024 1036 mouit
2034 1001 2043 1044 ;

1325 1048 1373 1100 flet
1384 1065 1445 1102 mea
1455 1065 1575 1102 ιιιοιιιιιιι
1586 1049 1661 1102 laesa
1672 1047 1764 1126 puella
1774 1064 1868 1101 manu.

1293 1120 1359 1166 tunc
1370 1129 1420 1181 ego
1431 1113 1476 1166 nel
1487 1131 1562 1168 caros
1574 1114 1650 1182 potui
1662 1114 1765 1167 uiolare
1775 1119 1913 1181 parentes,
2054 1125 2068 1180 5

1324 1195 1409 1232 saeua
1420 1179 1465 1232 uel
1476 1181 1505 1231 in
1516 1186 1624 1232 sanctos
1635 1179 1748 1232 uerbere
1758 1179 1828 1231 terre
1839 1178 1912 1231 deos.

1292 1243 1377 1310 quid?
1393 1259 1446 1296 non
1458 1249 1486 1296 et
1497 1243 1576 1312 clipei
1587 1244 1713 1297 dominus
1724 1243 1909 1311 septemplicis
1919 1241 1995 1296 Aiax

1324 1308 1424 1360 strauit
1435 1309 1578 1376 deprensos
1589 1309 1648 1360 leta
1658 1325 1705 1376 per
1715 1324 1784 1361 arua
1793 1324 1897 1376 greges,

1292 1379 1321 1425 et
1332 1372 1435 1425 uindex
1446 1373 1474 1425 in
1486 1379 1573 1426 matre
1583 1375 1677 1441 patris,
1690 1374 1780 1426 malus
1791 1373 1873 1436 ultor,
1886 1373 1996 1428 Orestes

1324 1438 1693 1505 aususinarcanespososre
1704 1438 1761 1492 tela
1772 1437 1856 1491 deest
2038 1453 2069 1492 ιο

1292 1517 1382 1569 ergoe
1427 1501 1547 1569 digestos
1557 1503 1635 1570 potui
1645 1502 1750 1556 laniare
1760 1503 1895 1570 capillos!

1324 1582 1373 1618 nee
1403 1567 1522 1620 ominem
1533 1573 1623 1620 motae
1633 1567 1781 1620 dedecuere
1792 1584 1893 1622 comae

1291 1631 1329 1682 sic
1341 1630 1458 1683 lormoaa
1468 1631 1538 1692 iuit;
1555 1631 1639 1684 telem
1651 1631 1820 1686 Schoeneida
1830 1633 1920 1686 dicem

1324 1694 1477 1748 Maenaliae
1488 1711 1552 1748 ercn
1563 1696 1724 1749 sollicitasse
1735 1697 1814 1750 ieras.

1291 1759 1356 1811 talis
1367 1759 1467 1826 periuri
1478 1759 1662 1828 promissaque
1673 1760 1790 1829 ueloque
1801 1760 1901 1814 Thesei
2038 1775 2067 1828 15

1323 1823 1401 1876 fleuit
1412 1825 1572 1900 praecipites
1583 1825 1680 1878 Cressa
1691 1825 1788 1878 tulisse
1800 1825 1896 1878 Notos

1290 1888 1337 1950 sic,
1351 1887 1405 1940 nisi
1416 1889 1524 1941 uittatrs
1553 1889 1606 1942 nod
1619 1895 1678 1943 erat
1689 1889 1843 1943 Cassandra
1854 1889 1969 1958 capillis,

1323 1953 1466 2028 procubuit
1476 1959 1550 2022 temp
1561 1970 1586 2018 ο,
1599 1961 1675 2007 casta
1684 1954 1820 2018 Minerua,
1833 1959 1889 2008 tno.

1291 2033 1353 2085 quis
1368 2017 1506 2136 ”hspi’ff'rm
1525 2018 1672 2084 ‘demens'
1688 2019 1750 2088 quis
1766 2034 1821 2073 non
1837 2018 1906 2072 mihi
1923 2016 2066 2073 ‘barbare’

1407 2099 1446 2134 rxr

1322 2146 1332 2198 i
1393 2147 1479 2201 nihil:
1497 2147 1598 2215 pauido
1608 2153 1650 2201 est
1660 2147 1756 2217 lingua
1766 2152 1875 2202 retenta
1885 2153 1968 2202 metu.
2034 2163 2068 2201 ao

1291 2227 1320 2264 ee
1353 2211 1430 2288 taciti
1440 2213 1527 2290 iecere
1538 2219 1632 2290 tamen
1643 2215 1767 2292 conuicia
1778 2214 1874 2268 nultus
1885 2235 1892 2268 ι

1291 2277 1945 2423 ιῖἕῖζιῗιῗῗιὲξὲιῗιὲἷῗιέἰὲἒιᾷἓῗιιι,

1323 2405 1429 2459 utiliter
1439 2413 1517 2474 potus
1528 2413 1604 2474 parte
1615 2424 1706 2462 cerere
1717 2425 1779 2461 mer.

1290 2471 1318 2523 in
1330 2486 1392 2523 mea
1404 2486 1537 2525 naesanas
1547 2471 1632 2525 habui
1643 2473 1786 2540 dispendia
1796 2473 1870 2526 uires
2033 2488 2064 2543 ²5

1322 2541 1351 2587 et
1362 2535 1439 2588 nelni
1449 2553 1564 2604 poenam
1575 2537 1653 2590 fortis
1664 2537 1693 2590 in
1705 2538 1763 2606 ipse
1775 2554 1872 2591 means.

1290 2599 1356 2667 qnid
1368 2600 1436 2654 mihi
1446 2601 1595 2665 nobiscum,
1608 2601 1699 2655 caedis
1710 2603 1896 2671 scelerumque
1904 2603 2066 2658 ministrae?

1322 2664 1415 2718 debite
1425 2665 1572 2734 sacrilegae
1582 2667 1674 2720 uincla
1684 2666 1775 2720 subite
1786 2683 1891 2720 manns.

1289 2745 1335 2792 an,
1348 2729 1372 2780 si
1382 2729 1531 2796 pulsassem
1542 2731 1685 2784 minimum
1696 2732 1731 2785 de
1741 2732 1820 2810 plebe
1832 2731 1968 2796 Quiritem

1321 2793 1460 2860 plecterer,
1473 2796 1502 2847 in
1514 2795 1651 2848 dominam
1663 2797 1706 2849 ius
1716 2796 1785 2849 mihi
1795 2797 1886 2850 maius
1896 2798 1969 2851 eritt
2034 2813 2066 2866 3ο

1289 2858 1857 2980 eremiltesuserses‘*
1867 2862 1987 2944 “hh

1289 2991 1317 3041 et
1328 2988 1419 3040 minue
1430 2941 1793 3068 hlfnooenffmihissquan
1804 2941 1951 3058 pgrgmeber
1961 3007 2064 3057 ansere,

1321 3051 1398 3105 laese
1407 3059 1449 3105 est
1458 3075 1464 3106 ι
1482 3054 1506 3106 Τ
1517 3055 1601 3107 ydidas
1612 3070 1712 3108 seenns
1723 3071 1752 3107 ιιι
1763 3055 1842 3108 hoste
1852 3055 1914 3109 tuit.

1289 3116 1390 3180 inuno,
1403 3071 1560 3184 magnilicos
1571 3119 1659 3172 uictor
1669 3119 1764 3172 molire
1774 3120 1938 3189 triumphos,
2032 3134 2064 3188 35

1321 3181 1399 3249 cinge
1410 3198 1515 3235 comam
1525 3181 1603 3236 lauro
1613 3189 1734 3252 uotaque
1745 3183 1828 3237 redde
1839 3184 1910 3248 Ioni,

1289 3248 1990 3381 iltisittrfitmstlhititbm“mi

1289 3382 1354 3428 ante
1365 3383 1411 3429 eat
1422 3377 1507 3430 effuso
1518 3378 1604 3430 tristis
1615 3379 1727 3446 captiua
1737 3377 1845 3446 capillo,

1321 3440 1346 3492 si
1357 3441 1476 3495 sinerent
1487 3442 1586 3505 laesae,
1599 3443 1716 3495 candide
1727 3448 1795 3506 tota,
1808 3458 1903 3520 genae.
2031 3459 2065 3510 40

1288 3633 1406 3702 denique
1417 3635 1441 3687 si
1452 3636 1551 3688 tumidi
1562 3637 1618 3688 ritu
1628 3638 1757 3689 torrentis
1768 3637 1869 3704 agebar

1320 3714 1454 3767 caecaque
1465 3716 1508 3753 me
1518 3701 1646 3767 praedem
1658 3701 1759 3754 lecerat
1769 3701 1811 3754 ira
1820 3716 1910 3762 suem,

1288 3779 1378 3816 nonne
1388 3765 1456 3842 satis
1467 3765 1557 3842 inerat
1568 3765 1682 3842 timidae
1692 3766 1855 3843 inclamasse
1865 3763 1975 3833 puellae
2029 3779 2062 3835 45

1288 3830 1922 3971 ..ltthihttlhttttttsshth

1320 3958 1356 4009 ad
1367 3957 1503 4011 mediam!
1519 3959 1626 4012 mediae
1636 3974 1705 4011 sona
1715 3959 1826 4012 tulisset
1836 3975 1853 4010 o
1887 3975 1924 4012 m.

1287 4027 1318 4074 at
1329 4037 1401 4074 nnnc
1413 4023 1541 4085 sustinui,
1554 4024 1639 4090 raptis
1651 4039 1668 4076 a
1678 4023 1768 4076 trente
1778 4024 1850 4092 capii
1861 4024 1895 4086 is,

1320 4085 1422 4139 ferrens
1434 4089 1566 4155 ingenuas
1577 4104 1671 4154 ungue
1681 4094 1777 4142 notare
1788 4103 1881 4156 genas.
2032 4101 2064 4156 5ο

1287 4151 1399 4204 adstitit
1409 4152 1459 4205 ille
1469 4169 1563 4206 amens
1573 4152 1637 4205 albo
1647 4157 1676 4206 et
1687 4153 1745 4206 sine
1756 4153 1890 4230 sangnine
1901 4151 1992 4217 uultu,

1319 4215 1470 4269 caeduntur
1481 4218 1569 4270 Pariis
1580 4218 1674 4284 qualis
1684 4233 1753 4270 saxa
1763 4219 1842 4284 ingre
1868 4281 1874 4296 .

1287 4281 1420 4333 exanimis
1431 4287 1507 4334 artus
1519 4288 1547 4335 et
1558 4282 1679 4335 membre
1689 4283 1835 4335 trementis
1846 4283 1915 4346 nidi,

1320 4349 1352 4396 nt
1363 4361 1425 4397 enm
1436 4347 1565 4414 populeas
1576 4346 1695 4399 uentilat
1705 4362 1774 4400 eure
1784 4363 1875 4400 comes
1885 4367 1893 4409 ι

1287 4414 1320 4461 ut
1330 4409 1387 4461 leni
1398 4410 1520 4478 Zephyro
1530 4411 1639 4478 gracilis
1650 4410 1776 4464 uibratur
1785 4411 1928 4472 harundoe
2031 4423 2062 4480 55

1319 4489 1460 4528 summane
1472 4491 1534 4528 cnm
1545 4475 1637 4543 tepido
1648 4475 1792 4543 stringitur
1802 4475 1878 4529 unda
1888 4476 1970 4529 Noto.

1287 4554 1488 4608 suspensaeque
1500 4541 1549 4592 diu
1559 4540 1687 4593 lacrimae
1697 4538 1800 4593 fluxere
1811 4555 1860 4608 per
1869 4556 1926 4603 ore,

1320 4603 1437 4671 qualiter
1448 4605 1555 4657 abiecta
1566 4604 1600 4656 de
1611 4604 1676 4658 nine
1686 4611 1782 4657 menet
1792 4621 1873 4673 aqna

1287 4673 1354 4720 tunc
1366 4685 1415 4735 ege
1426 4685 1470 4721 me
1482 4670 1598 4736 primum
1609 4669 1686 4736 coepi
1697 4669 1798 4722 sentire
1809 4673 1961 4723 nocentem.

1318 4734 1429 4798 sanguis
1441 4740 1519 4787 erant
1530 4734 1665 4796 lacrimae,
1678 4749 1747 4801 quas
1758 4733 1844 4786 debat
1854 4733 1912 4796 illa,
1924 4749 2010 4788 mens.
2029 4736 2063 4788 ⁶0

1286 4797 1871 4930 ιθἱέἒῑῗὲξὲιῗιιῗιῑιὲῗέἷῑῖιῗΐιὶῖἰιιῐέ’ἓ.ῗὲ,ἰ“ιῗ““
1882 4799 2016 4868 ⁸⁰P⁹¹⁶¹²

1286 4931 1317 4978 at
1328 4931 1360 4978 tu
1371 4943 1406 4979 ιιο
1417 4927 1515 4980 dubita
1526 4929 1642 4990 (minuet
1652 4926 1777 4980 uindicta
1787 4927 1918 4991 dolorem)

1319 4991 1442 5057 protinus
1452 4991 1482 5044 in
1493 4992 1588 5044 uultus
1599 4991 1736 5059 anguibus
1747 4992 1786 5045 ire
1797 5007 1880 5045 meos.

1286 5069 1336 5106 nec
1346 5056 1446 5108 nostris
1457 5055 1542 5108 oculis
1553 5072 1603 5108 nec
1614 5056 1712 5108 nostris
1723 5071 1803 5122 parce
1813 5056 1937 5125 capillis:
2027 5059 2061 5124 65

1319 5120 1470 5186 quemlibet
1481 5120 1601 5174 infirmas
1613 5121 1729 5174 adiuuat
1739 5122 1781 5174 ire
1790 5137 1889 5175 manue
1900 5141 1909 5184 ;

512 5246 546 5293 Vi
555 5248 570 5294 8
580 5248 668 5321 devicit
679 5248 814 5320 Housman.
847 5251 877 5296 1¹!
886 5255 908 5297 et
918 5255 946 5298 ut
956 5251 1044 5323 aldeae
1054 5251 1194 5300 Oronouius
1208 5266 1239 5300 ex
1251 5251 1331 5310 codd,
1343 5255 1383 5301 uti
1397 5267 1421 5301 ιι.
1438 5252 1521 5326 libra,
1529 5259 1551 5302 et
1565 5269 1612 5302 om.
1628 5255 1649 5302 P
1660 5255 1684 5328 Β,
1696 5255 1811 5304 inuideas
1821 5255 1845 5304 ὃ
1877 5255 1907 5300 88
1916 5254 1982 5314 qnod
1991 5258 2061 5314 eptae

933 5310 1109 5416 mne
1123 5311 1197 5416 ιι
1208 5312 1464 5418 mmm
1579 5313 2058 5428 ..ww

453 5423 487 5470 nd
498 5431 549 5472 ecta
560 5425 653 5486 bleda,
663 5432 756 5475 usmeta
766 5426 854 5486 Mes,
865 5429 953 5486 aprico
963 5427 1069 5488 Pelmer,
1081 5429 1170 5478 obiecto
1185 5429 1252 5489 uulg.
1285 5431 1315 5476 tl
1325 5431 1431 5490 reppulit
1442 5431 1517 5491 uulg„
1529 5434 1614 5480 retulit
1624 5433 1651 5490 P,
1664 5433 1767 5480 rettudit
1776 5432 1845 5479 Ehe.
1877 5431 1906 5477 66
1916 5429 2019 5480 meoet
2029 5429 2059 5492 Ρ,

452 5483 555 5534 adiuuet
564 5484 631 5545 urile.
