4976 6356
850 439 906 495 Ab
928 437 1135 494 LECTOREM
1155 437 1400 493 BENEVOLVM
1419 437 1639 492 PRAEFATIO
1996 437 2052 490 xvii

440 610 535 674 Ouidi
559 628 685 672 manum
708 626 781 688 prae
806 605 974 675 00103030,
999 605 1193 668 scriberetur.
1235 606 1285 668 his
1309 606 1453 668 omnibus
1476 608 1634 688 perpensis
1658 627 1729 668 cum
1751 606 1855 688 aliqua
1876 605 2053 686 exceptione

439 723 552 768 manus
570 705 612 766 do
631 703 699 766 uiro
719 701 809 764 docto
826 700 994 764 affirmanti
1008 708 1026 734 ‘⁴
1037 700 1118 762 hanc
1138 700 1238 780 ipsam
1261 699 1405 780 Sapphus
1423 700 1589 782 epistulam
1607 720 1702 784 quam
1716 701 1808 764 hodie
1822 700 1973 764 habemus
1986 718 2053 763 essc

440 799 609 881 genuinum
623 796 717 860 Ouidi
730 794 838 876 cpua'’

520 893 590 954 lanu
603 891 643 954 de
655 909 718 952 330
731 895 764 951 01
776 889 874 950 altero
886 886 952 950 1000
965 906 1121 970 perpauca
1134 887 1185 950 hic
1198 905 1363 968 apponam.

519 985 554 1047 iii
568 987 617 1049 30.
657 987 794 1066 praestat
813 981 1007 1064 Naugerium
1028 983 1116 1064 sequi
1135 981 1319 1044 scribentem
1338 980 1572 1065 diceudo—preco
1587 982 1672 1065 quod
1688 982 1794 1046 fimat
1808 981 1966 1045 Plauudes
1982 975 2052 1060 (riv

475 1083 516 1140 ιλι
541 1085 594 1148 iosc
607 1077 747 1156 δεήσεσι).

437 1103 473 1162 με
518 1104 551 1233 lh
565 1173 613 1233 65.
654 1171 738 1253 quod
751 1169 874 1252 'retinui
888 1167 991 1248 Argoa
1011 1167 1162 1230 iudicium
1183 1167 1326 1230 Merkelii
1340 1173 1462 1232 secutus
1477 1187 1556 1240 sum.
1570 1169 1626 1250 qui
1639 1170 1685 1231 ita
1699 1169 1807 1231 scribit
1820 1169 1918 1249 praei.
1934 1188 1964 1247 p.
1979 1167 2051 1228 xiii:

439 1271 458 1298 “
468 1261 647 1326 Accusatiui
667 1261 772 1324 aeolici
793 1261 848 1343 qui
867 1264 1027 1342 apparent,
1041 1261 1099 1322 Ion
1115 1262 1200 1340 (Am.
1215 1261 1252 1322 11
1270 1262 1317 1323 19.
1333 1262 1386 1340 29)
1401 1262 1435 1324 13
1449 1262 1517 1334 ΡΒ,
1530 1264 1635 1325 Heres
1651 1263 1736 1341 (Am.
1750 1263 1787 1324 11
1803 1262 1851 1322 16.
1865 1261 1919 1336 31)
1936 1261 1969 1320 13
1984 1260 2051 1329 PS,

438 1357 541 1436 Aspen
562 1357 651 1434 (Her.
672 1355 763 1416 vict
784 1360 816 1418 st
836 1353 879 1416 xii
899 1355 933 1433 9)
954 1355 1059 1416 Didon
1082 1354 1139 1433 (vii
1159 1353 1339 1434 7701133)
1361 1355 1395 1416 13
1416 1355 1486 1418 GP
1506 1375 1565 1417 ma.
1587 1373 1645 1418 see.
1666 1355 1735 1417 uoti
1748 1355 1879 1418 fuerunt
1892 1352 2052 1414 Marciano

438 1447 611 1531 Capellae.”

518 1540 562 1602 vii
574 1541 624 1602 46.
658 1539 697 1603 de
709 1538 766 1602 hoc
779 1558 872 1602 nemu
884 1540 975 1622 quasi
988 1545 1147 1622 compacto
1160 1541 1292 1604 editores
1306 1541 1387 1604 falsa
1400 1541 1474 1604 olim
1486 1561 1523 1604 ex
1537 1542 1564 1602 P
1576 1541 1805 1604 renuntiarunt.
1836 1542 1864 1603 P
1874 1540 1968 1602 habet
1979 1538 2052 1618 qaid

437 1654 500 1696 nors
513 1634 647 1706 00300010,
661 1653 679 1694 0
697 1633 906 1714 suprascripte
921 1653 981 1696 ma.
997 1654 1055 1697 sec.
1070 1634 1193 1697 litterae
1208 1655 1244 1696 cs
1262 1635 1395 1697 fortasse
1410 1655 1447 1697 ex
1463 1655 1493 1696 ss
1512 1635 1696 1696 reformatis.
1740 1634 1824 1716 qued
1838 1653 1910 1695 cum
1923 1632 2052 1694 cuilibet

437 1727 634 1808 perspicuum
647 1726 698 1797 sit,
712 1726 832 1789 mireris
848 1745 922 1788 sane
942 1726 1109 1789 Heinsium
1128 1747 1165 1790 ex
1185 1728 1355 1798 Planesia,
1370 1727 1555 1789 Merkelium
1577 1729 1699 1789 meris
1714 1727 1884 1789 rettulisse.
1926 1726 2051 1786 ualeant

438 1821 535 1898 igitur
552 1819 742 1882 coniecturae
756 1837 835 1900 quae
851 1818 921 1880 istis
934 1819 1118 1882 lectionibus
1139 1821 1344 1896 immituntur,
1359 1820 1459 1882 ueluti
1475 1821 1588 1881 ccctiria
1601 1820 1763 1901 Madvigii,
1780 1826 1814 1880 10
1828 1821 1905 1881 rests
1918 1819 2051 1887 Heinsii‚

437 1915 581 1975 30000010
601 1932 677 1975 mea.
726 1913 853 1974 cameris
875 1911 964 1974 unice
986 1931 1063 1974 uera
1082 1911 1183 1985 lectio,
1211 1913 1362 1976 difficilior
1387 1919 1501 1986 tamen
1528 1914 1711 1976 immensam
1734 1912 1976 1994 discrepantiam
1997 1931 2052 1994 per

437 2011 641 2068 correctorum
653 2004 808 2067 licentiam
820 2004 947 2085 peperit.

518 2099 573 2160 viii
586 2098 636 2168 88,
650 2097 717 2159 104.
759 2097 828 2160 dele
840 2115 924 2160 meas
937 2097 1145 2162 coniecturas:
1168 2101 1211 2161 mi
1224 2101 1257 2161 in
1271 2097 1460 2162 Heroidibus
1473 2118 1537 2160 uon
1551 2099 1652 2160 utitur
1665 2098 1808 2162 Ouidius.

518 2191 549 2252 ix
569 2189 617 2254 81.
660 2195 775 2253 rectum
795 2189 881 2252 uiam
901 2189 1060 2270 ingressus
1080 2193 1125 2256 sic
1146 2193 1253 2255 scribit
1273 2192 1394 2255 Merkel
1414 2194 1517 2271 Praes.
1537 2213 1566 2274 p.
1589 2193 1637 2254 ix:
1659 2193 1707 2254 ‘ix
1728 2193 1778 2262 81,
1789 2192 1843 2266 83,
1858 2191 1891 2252 in
1911 2191 2051 2270 margine

438 2285 499 2346 Pa
518 2303 579 2346 rna.
601 2302 659 2346 sec.
679 2283 873 2345 adiciuntur:
905 2289 997 2346 uetus
1014 2284 1128 2366 aliquis
1149 2287 1295 2349 librarius
1314 2287 1348 2348 in
1368 2285 1457 2356 libro,
1475 2285 1530 2365 qui
1550 2289 1759 2367 pentametros
1778 2283 1946 2346 uetustiori
1967 2303 2052 2345 more

437 2399 500 2440 non
519 2379 661 2440 reductos
681 2377 807 2440 haberet
826 2377 1027 2440 describendo
1044 2378 1204 2441 aberrauit
1221 2380 1255 2441 in
1274 2379 1452 2440 hexametro
1472 2377 1512 2438 82
1533 2397 1553 2438 3
1573 2397 1647 2440 3000
1660 2379 1799 2439 micae
1812 2378 1845 2438 in
1861 2375 1918 2453 743
1940 2376 2051 2438 adiecti

437 2469 547 2534 deinde
560 2475 633 2532 ante
647 2475 779 2532 30131033
792 2469 823 2532 t}
835 2470 948 2533 codicis
962 2471 1025 2534 duo
1038 2470 1209 2534 hexametri
1222 2472 1344 2534 duobus
1355 2471 1577 2553 pentametris?

518 2563 550 2627 xi
564 2563 633 2627 127.
674 2563 732 2627 hoc
745 2561 899 2626 distichon
913 2563 957 2626 sic
970 2563 1120 2646 scripturn
1134 2564 1248 2627 uelim:

872 2662 946 2718 tura
958 2676 1034 2738 rogo
1047 2657 1179 2738 plsoitae
1193 2657 1326 2719 nimium
1339 2656 1488 2720 mandata
1500 2657 1612 2720 sororis

913 2755 952 2813 tu
964 2751 1030 2814 ier:
1051 2750 1234 2813 mandatum
1249 2770 1417 2833 persequar
1429 2750 1498 2832 ipsa
1511 2750 1617 2832 patris.

437 2865 505 2926 rogo
518 2843 661 2908 datiuum
675 2864 780 2908 casuum
793 2862 860 2906 esse
872 2843 980 2906 nullus
992 2843 1112 2907 dubito.

518 2939 569 2999 xri
587 2937 710 3000 39-144.
751 2937 826 2998 ‘hos
839 2936 888 2998 cir
900 2935 1026 2999 uersus'
1041 2933 1177 3016 (omissis
1192 2935 1241 3005 97,
1256 2935 1310 3014 98)
1324 2935 1443 2998 ‘Aldus
1457 2937 1576 3018 primus
1589 2935 1705 2998 edidit’
1720 2933 1815 3016 (auno
1830 2933 1924 3015 1502)
1939 2942 2054 3015 ‘quem

437 3029 580 3112 deinceps
600 3030 731 3093 editores
753 3029 850 3091 secuti
872 3033 956 3091 sunt.
997 3027 1146 3109 leguntur
1165 3029 1197 3090 in
1220 3029 1285 3090 cod
1310 3028 1452 3090 Palatino
1472 3029 1527 3110 qui
1548 3034 1652 3090 tamen
1672 3046 1777 3089 recens
1796 3031 1854 3097 est,
1873 3026 2051 3105 01131333-

438 3129 542 3186 mento
566 3122 707 3185 Paulino.
746 3121 780 3183 in
804 3121 933 3202 reliquis
956 3121 1045 3184 libris
1068 3121 1214 3183 omnibns
1239 3127 1271 3182 01
1293 3121 1327 3184 13
1349 3121 1501 3184 Phuudis
1521 3121 1661 3184 uersione
1682 3119 1816 3182 desunt'
1846 3119 1969 3200 (Jahn).
1997 3120 2052 3181 ubi

437 3215 578 3296 gentium
592 3215 814 3294 Fragmentum
829 3213 996 3276 Paulinum
1009 3213 1106 3276 hodia
1116 3214 1167 3286 sit,
1182 3233 1289 3277 omnes
1302 3214 1455 3294 ignorem.

517 3309 568 3370 xix
583 3308 651 3371 133.
692 3307 761 3369 dele
773 3307 917 3369 nltimam
929 3313 1021 3370 notae
1034 3313 1166 3388 partem.

517 3421 556 3464 xx
570 3401 619 3463 13.
660 3421 743 3464 nuno
756 3400 873 3463 scribo:
896 3409 998 3462 ‘nunc
1011 3419 1136 3481 quoque
1149 3399 1232 3462 idem
1245 3400 1365 3462 dadam
1385 3399 1518 3462 audiam
1531 3407 1637 3462 tamen
1650 3401 1752 3462 acrius
1766 3397 1865 3461 illud'

518 3492 640 3556 11178.
681 3499 708 3554 at
735 3499 769 3554 ta
795 3493 934 3554 00011000
959 3499 1039 3555 certa
1062 3493 1170 3553 salatia
1191 3494 1250 3553 eric
1273 3512 1356 3554 nunc
1378 3494 1561 3574 scripserim,
1582 3494 1661 3555 duce
1684 3492 1827 3554 Plauude
1849 3492 1904 3572 qui
1927 3510 2052 3553 uersum

436 3587 559 3651 reddit:
581 3591 629 3649 cul
644 3586 679 3648 cri
691 3597 874 3669 παραχρῆμα
888 3597 938 3660 τῆς
951 3593 1092 3666 σωτηρίας
1106 3597 1210 3658 σαυτῆς
1221 3586 1359 3668 ἐπιλήψῃ.
1401 3587 1483 3648 conf.
1497 3584 1548 3648 nl
1563 3586 1613 3648 13.

518 3681 691 3744 Heroidum
705 3685 810 3744 textus
824 3679 930 3742 solidis
945 3680 1028 3761 typis
1042 3678 1239 3740 excudendus
1253 3679 1424 3760 typothetis
1439 3679 1578 3742 redditus
1589 3685 1638 3740 est
1650 3677 1732 3740 Non.
1747 3677 1822 3740 Feb.
1836 3698 1863 3740 a
1881 3675 1970 3739 1892.

517 3849 667 3920 Morus,
680 3849 800 3910 Arrun
820 3863 1028 3918 suanorum,
1042 3847 1202 3910 1133133
1215 3865 1349 3918 arrosus,
1369 3867 1488 3911 necnon
1501 3847 1724 3908 Memorem
1738 3863 1850 3907 sacrm
1869 3863 2051 3916 resumens,

436 3948 469 4006 et
492 3943 810 4005 Mnusuonsnosron
833 3941 928 4004 libros
950 3941 1105 4004 recensuit
1127 3941 1165 4005 G.
1186 3941 1231 4002 11.
1254 3941 1419 4004 Enwaans
1440 3940 1496 4024 qui
1512 3959 1591 4024 quae
1606 3940 1746 4002 subsidia
1758 3939 1939 4002 adhibuerit
1952 3939 2052 4021 ipsius

436 4036 550 4106 uerbis,
561 4035 679 4104 Iactor.
693 4034 855 4097 doceberis.

519 4129 635 4195 “luter
647 4128 765 4192 codices
778 4127 812 4190 hi
825 4126 989 4210 praecipue
1003 4133 1077 4189 sunt
1091 4127 1271 4189 nominandi
1283 4151 1333 4190 :-

908 4312 927 4374 1
959 4311 1144 4375 clausurn
1164 4309 1413 4372 Ausuomonvrr
1434 4325 1578 4370 conrcns.

518 4433 546 4494 P
585 4431 745 4496 Parisinus
766 4431 845 4494 8242
866 4429 1028 4493 Puteanus
1049 4449 1124 4492 saec.
1148 4427 1198 4490 IX
1212 4427 1349 4490 continet
1366 4427 1489 4490 Amores
1502 4427 1520 4490 1
1535 4427 1558 4489 ii
1572 4425 1708 4490 51-111
1721 4425 1763 4489 xii
1778 4425 1827 4497 26,
1842 4425 1893 4486 xiv
1908 4423 2009 4486 3-xs
2022 4423 2051 4485 8.

438 4525 571 4588 00313111
584 4527 626 4588 Η.
640 4525 712 4588 Keil
726 4527 759 4587 in
772 4524 842 4588 edd.
857 4522 1000 4586 Merkelii
1013 4527 1046 4585 et
1059 4521 1211 4584 Ehwaldi.
2083 4514 2093 4557 ·'

519 4619 550 4680 R
589 4619 751 4681 Parisinus
766 4617 843 4681 7311
866 4617 984 4698 Regius
1003 4635 1081 4678 saec.
1096 4615 1127 4676 X
1147 4615 1284 4678 eontinet
1297 4613 1408 4678 Artem
1421 4635 1491 4687 am..
1505 4613 1662 4686 Remedia.
1676 4611 1748 4676 Am.
1763 4613 1965 4695 epigramma„
1980 4608 2051 4672 Am.

439 4709 574 4772 113-11
587 4712 637 4773 49.
678 4711 810 4774 00313111
823 4709 915 4773 idem.

521 4803 544 4865 S
584 4803 793 4885 sangallensis
807 4803 868 4866 864
881 4823 958 4868 saec.
971 4802 1022 4866 XI
1035 4802 1174 4866 continet
1186 4799 1293 4865 Amor.
1304 4801 1454 4886 usquead
1468 4801 1521 4864 111
1534 4801 1565 4862 ix
1580 4799 1619 4861 10
1631 4824 1638 4862 ι
1660 4799 1774 4862 desunt
1787 4797 1847 4860 Isi
1857 4793 2052 4859 46-011174.

439 4896 572 4960 contulit
585 4897 677 4959 idern.

520 4990 549 5052 Ο
588 4990 767 5053 Oxonienais
788 5010 864 5054 eaeo.
884 4991 935 5053 IX
955 4990 1093 5054 continet
1106 4990 1193 5053 Artis
1213 4990 1377 5051 0000103100
1390 4989 1418 5050 1.
1459 4986 1592 5050 contulit
1604 4985 1642 5047 B.
1657 4983 1737 5046 111113
1753 4983 1896 5063 (Hemesa
1909 4986 1933 5043 t.
1946 5001 1987 5043 xv
2000 5002 2051 5064 pp.

521 5177 558 5239 Μ
598 5177 795 5240 Florentium
808 5179 986 5242 Marcianus
999 5177 1059 5239 223
1073 5196 1150 5240 saec.
1161 5175 1211 5238 XI
1222 5175 1359 5238 continet
1371 5172 1586 5238 Mediamina
1608 5169 1741 5235 contulit
1753 5168 1792 5232 A.
1802 5169 1938 5231 Kunnin
1948 5167 2054 5231 libello

441 5271 478 5332 do
490 5271 683 5332 mdiccmice
689 5271 787 5349 faciei
801 5272 890 5335 1881.

522 5363 650 5425 Praeter
668 5363 725 5425 hos
742 5365 874 5426 aliorum
895 5385 1018 5447 quoque
1039 5363 1179 5426 codicum
1199 5363 1344 5426 lectiones
1364 5361 1496 5424 excitaui
1510 5379 1587 5442 quos
1600 5357 1652 5420 uel
1665 5358 1706 5418 ab
1719 5355 1850 5419 Hehrsio
1864 5355 1916 5417 uel
1929 5356 1970 5416 ab
1984 5354 2051 5416 Ioh.

442 5457 514 5521 chr.
527 5457 610 5520 Jahn
626 5456 828 5536 (18281832)
841 5479 982 5522 excussos
996 5457 1094 5520 30113
1108 5457 1355 5539 editioneValpii
1369 5455 1578 5539 Delphiniana
1588 5452 1697 5533 (1821)
1708 5455 1895 5513 memoratos
1904 5450 2051 5513 inuenies.

1241 5587 1257 5624 6
