4724 6374
430 397 480 448 680

462 557 517 612 fert
528 558 625 612 missos
637 560 738 613 Vestae
767 576 817 612 ura
827 558 931 626 patella
940 557 1022 612 cibos.

430 639 493 677 ecce
504 625 641 678 coronatis
708 576 878 702 istiependet
889 624 990 686 asellis,

464 695 493 741 et
504 689 601 742 uelant
611 706 658 743 sca
677 707 720 743 ras
732 690 828 743 hunda
838 697 912 742 serta
923 688 1016 741 molas.

431 754 491 806 sola
502 755 577 822 priua
589 755 676 808 iurnis
688 755 830 808 torrebant
841 755 916 806 farra
925 753 1022 814 coloni,

465 823 504 883 (et
516 819 658 872 Fornacali
670 827 735 872 sunt
746 835 798 872 uua
808 835 885 870 sacra
896 818 963 870 deae
974 823 993 879 :l

431 884 604 951 suppositum
615 885 699 936 cineri
710 899 808 950 panem
820 884 896 934 iocus
907 881 965 948 ipse
977 880 1092 948 parabat
1163 896 1191 948 3¹
1197 895 1210 948 5

464 955 606 1014 strataque
618 955 677 1000 erat
688 948 782 1015 tepido
794 947 888 1010 tegula
898 961 999 1012 quassa
1009 945 1074 998 solo.

431 1011 496 1064 inde
507 1011 597 1064 iocum
609 1018 701 1064 seruat
713 1013 798 1078 pistor
808 1011 1000 1077 dominamque
1012 1009 1134 1064 iocorum

464 1081 576 1143 atquae
588 1078 727 1142 pumiceas
738 1081 831 1128 uersat
842 1074 928 1127 asella
939 1074 1032 1126 uiolas

432 1140 605 1192 l'raetcream
618 1141 766 1192 referamne
778 1147 866 1200 tuum,
879 1139 1028 1191 rubicunde
1041 1139 1149 1208 Priape,

464 1204 601 1256 dedecus?
619 1213 661 1258 est
674 1205 755 1257 multi
767 1204 862 1256 iabula
874 1219 960 1270 parua
970 1203 1030 1256 ioci.

432 1269 567 1334 turrigcra
578 1268 695 1321 frontem
708 1269 809 1337 Cybele
821 1267 948 1320 redimita
959 1283 1058 1320 corona

464 1339 598 1385 conuocat
609 1343 733 1386 aeternos
744 1333 780 1386 ad
792 1349 843 1384 sua
854 1333 925 1386 leste
935 1332 1008 1384 deos.

429 1403 564 1450 conuocat
574 1403 604 1451 et
615 1401 726 1466 Satyros
737 1403 774 1459 et,
787 1397 890 1450 rustica
901 1398 1024 1459 numina,
1038 1397 1183 1466 Nymphas
1193 1419 1200 1458 ς

463 1462 582 1524 Silenus,
615 1463 723 1515 uaniuis
734 1479 813 1514 neiiio
824 1469 945 1523 uocarat,
958 1462 1044 1514 adest.

430 1543 480 1603 nec
491 1527 556 1579 licet
567 1481 718 1594 etiongum
729 1535 772 1580 est
783 1525 878 1603 epulas
889 1542 999 1580 narrare
1010 1526 1132 1580 deorum.
1162 1539 1209 1591 325

463 1607 491 1644 m
503 1590 592 1645 multo
603 1609 658 1644 nox
670 1599 713 1644 est
725 1592 891 1669 peruigilata
900 1607 981 1643 mero.

429 1655 458 1707 hi
470 1661 573 1710 temere
583 1657 712 1710 errabant
723 1673 751 1709 m
763 1673 863 1724 opacae
875 1655 996 1708 uallibus
1008 1655 1083 1716 ldae,

499 1737 524 1772 rs
535 1722 607 1774 iacet
618 1728 646 1774 et
657 1721 732 1774 molli
744 1721 866 1786 gramine
878 1720 999 1772 membra
1010 1719 1087 1772 leuat
1098 1739 1104 1779 ς

428 1783 458 1837 1ιί
481 1785 578 1846 udunt,
592 1785 641 1838 hos
652 1802 763 1838 somnus
774 1785 857 1837 hebet
868 1805 875 1845 ς
928 1801 954 1836 rs
965 1784 1093 1836 bracchia
1104 1783 1191 1836 nectit

461 1856 490 1902 et
501 1850 617 1904 uiridem
629 1851 710 1902 celeri
722 1856 764 1901 ter
775 1849 842 1916 pedo
854 1865 891 1926 pu
902 1855 946 1900 sat
957 1848 1080 1900 humum.
1160 1863 1208 1913 330

429 1913 516 1966 Vesta
526 1915 598 1968 iacet
609 1914 797 1981 placidamque
808 1921 882 1990 capit
893 1929 988 1965 secura
997 1913 1130 1980 quietem,

460 1979 533 2030 sicut
544 1985 612 2039 erat,
625 1980 743 2045 positum
755 1994 817 2030 caes
835 1985 875 2030 ite
886 1977 959 2029 fulta
971 1983 1060 2043 caput.

427 2047 458 2094 at
469 2043 551 2095 ruber
563 2043 701 2096 hortorum
713 2051 804 2094 custos
817 1994 889 2109 hym
910 2042 1013 2108 basque
1025 2041 1146 2109 deasque

460 2113 556 2172 captat
566 2115 595 2160 et
606 2114 727 2160 errantes
739 2107 845 2173 fertque
857 2058 992 2173 reitirtque
1004 2106 1094 2172 pedes.
1163 2170 1168 2181 Ι

426 2171 525 2238 aspicit
536 2177 564 2224 at
576 2172 698 2224 Vestam.
734 2171 858 2232 dubium,
874 2170 1067 2237 Nymphamne
1080 2175 1192 2238 putarit,

460 2251 496 2288 an
508 2237 600 2288 scierit
610 2237 742 2296 Vestam:
759 2237 841 2288 scissa
851 2235 898 2288 sed
910 2235 968 2302 ipse
979 2241 1070 2298 negat.
1158 2238 1206 2300 336

426 2301 1043 2433 ‘ttftilthdsdtilelt‘t‘dti
1053 2305 1174 2368 “mim

425 2428 495 2481 iorte
506 2445 599 2492 senex,
630 2447 666 2482 uo
676 2437 772 2482 uectus
783 2435 851 2492 eret,
864 2429 973 2482 Silenus
983 2428 1102 2482 asellum

458 2493 577 2561 liquerat
635 2495 708 2561 ripas
719 2495 780 2546 lene
791 2495 915 2546 sonantis
926 2509 1024 2560 aquae.

424 2556 492 2620 ibat,
506 2565 539 2611 ut
550 2559 681 2634 inciperet
692 2559 766 2625 longi
778 2559 845 2611 deus
857 2557 1038 2625 Hellesponti,

456 2623 652 2691 intempestiuo
662 2640 724 2676 curn
735 2623 810 2676 rudit
820 2623 867 2676 ille
875 2638 949 2675 sono.

425 2688 522 2740 territa
533 2705 600 2741 uoce
610 2689 688 2754 graui
699 2689 786 2755 surgit
797 2688 849 2740 dea
859 2707 866 2748 i
883 2686 1011 2740 conuolat
1021 2686 1111 2740 omnis

455 2753 547 2814 turha,
560 2769 608 2820 per
618 2753 733 2805 infestas
745 2753 840 2816 elingit
852 2752 898 2804 ille
909 2768 1015 2804 manna

423 2816 586 2883 Lampsacus
599 2817 649 2870 hoc
659 2816 761 2870 animal
774 2815 855 2869 solita
866 2823 909 2870 est
919 2823 1040 2869 mactare
1052 2815 1168 2883 Priapo:

456 2887 523 2949 apta
533 2881 605 2934 asini
617 2882 733 2935 dammis
744 2882 841 2934 indicis
852 2889 918 2934 exta
929 2881 1034 2933 damna
1154 2883 1203 2948 3⁴⁶

422 2961 504 3012 quem
515 2952 556 3008 ιιι,
569 2947 643 3008 dina,
658 2963 759 3000 memor
771 2946 805 2998 de
816 2963 885 3014 pane
898 2946 1045 2998 monilibus
1056 2961 1152 3008 ornam

456 3017 545 3064 cessat
556 3027 633 3078 opus,
646 3027 750 3064 uacuae
762 3012 913 3063 conticuere
925 3010 1021 3063 molae.

423 3073 541 3128 Nomine
572 3092 635 3128 uam
648 3077 734 3142 pretio
746 3075 905 3128 celebratior
915 3091 977 3128 arce
989 3074 1134 3140 Tonantis,

453 3139 552 3202 dicam,
590 3141 679 3193 istoria
690 3141 756 3207 quid
768 3139 836 3192 uelit
847 3155 895 3193 ara
908 3140 989 3192 louis.

422 3204 716 3321 intimidi*
727 3205 998 3322 ‘intinniit
1009 3203 1116 3258 Μ

595 3287 615 3321 is
655 3287 672 3320 o
693 3287 736 3321 arn
993 3309 999 3321 .

421 3332 553 3426 luppiter,
566 3333 928 3420 qidsoliumsuperiaregale
938 3334 1054 3396 uocatis,

421 3399 737 3540 militabitis,
750 3397 1132 3540 ,subsistiums
1152 3476 1198 3529 ³⁵⁵

451 3535 480 3580 et
491 3527 567 3579 dolor
579 3528 623 3580 luc
634 3544 718 3579 animi
730 3543 796 3580 noce
807 3534 945 3595 querentis
958 3533 1027 3594 eget.

418 3591 442 3644 si
453 3597 546 3644 tamen
559 3599 591 3644 ut
602 3593 715 3645 referam
728 3593 847 3645 breuiter
858 3591 931 3644 mala
942 3591 1038 3644 iuncta
1049 3591 1147 3659 pudori

450 3657 547 3723 exigh,
557 3657 659 3734 Alpino
671 3658 759 3709 Itonia
769 3657 821 3708 suh
831 3657 910 3710 hoste
920 3657 999 3710 iacet

418 3719 487 3772 haec
498 3728 549 3782 est,
563 3739 607 3774 cui
619 3722 709 3774 iuerat
721 3723 851 3789 promissa
863 3722 986 3788 potentia
998 3737 1098 3784 rerum,

452 3786 594 3853 luppiter!
612 3787 680 3839 lianc
693 3787 771 3838 terris
782 3787 958 3853 impositurus
970 3791 1050 3839 eras!
1150 3789 1199 3853 360

417 3848 527 3918 iamque
539 3851 707 3904 suburbanos
720 3852 888 3918 Etruscaque
899 3851 1024 3903 contudit
1036 3867 1120 3903 arma.

417 3916 825 4046 „timidissimis
835 3915 1045 4049 88183888
1056 3923 1106 3968 ³⁸²·

450 4050 528 4097 ueste
540 4045 719 4111 triumphales
730 4044 887 4096 occubuisse
898 4061 984 4097 senes.

416 4108 537 4161 uidimus
549 4109 648 4161 iliacae
662 4109 800 4162 transferri
812 4110 925 4186 pignera
937 4109 1038 4162 Vestae
1148 4113 1194 4177 365

448 4174 519 4226 sede
556 4179 656 4249 putant
667 4175 774 4240 aliquos
784 4173 888 4226 scilicet
899 4189 957 4226 esse
969 4174 1041 4226 deos.

415 4244 446 4290 at
457 4239 480 4290 si
493 4245 664 4305 respicerent,
679 4255 734 4304 qua
745 4255 794 4290 uos
806 4239 938 4291 habitatis
950 4239 978 4290 in
990 4255 1061 4300 arce,

436 4365 442 4378 ·
454 4309 550 4378 totque
561 4303 655 4355 domos
667 4311 772 4354 uestras
784 4302 923 4355 obsidione
935 4303 1029 4370 premi,

415 4367 454 4418 nil
466 4383 525 4434 opis
537 4368 566 4420 in
578 4383 643 4420 cura
654 4368 753 4420 scirent
764 4383 903 4434 superesse
915 4368 1036 4430 deorum,

448 4439 476 4484 et
487 4433 555 4484 data
565 4432 756 4485 sollicitatura
767 4432 854 4499 perire
865 4449 956 4484 manu.

1164 573 1213 624 ³¹⁰

1163 1219 1212 1271 320

1157 2508 1207 2559 340

1153 3153 1202 3206 3⁵0

1146 4448 1195 4499 370

864 389 896 446 P.
923 391 1035 446 OVIDI
1056 391 1226 446 NASONIS
1246 389 1450 444 l‘AsTthi'i!
1469 391 1542 446 LIB.
1573 391 1612 444 i'l

1267 562 1273 586 ¹
1283 558 1406 626 publira’
1417 555 1554 625 respondit
1567 561 1648 609 ‘cura
1659 559 1701 608 est
1712 571 1759 632 pro
1770 553 1912 607 moenibus
1924 553 2002 614 istim

1297 623 1420 691 luppiter
1432 630 1475 675 ‘et
1536 637 1586 674 nas
1597 621 1688 674 Gallia
1699 626 1774 672 uicta
1785 619 1870 672 dabit

1263 693 1296 740 tu
1308 689 1388 740 modo
1399 703 1469 755 quae
1499 693 1579 738 esunt
1590 687 1690 753 trugas,
1703 699 1843 752 superesse
1855 689 1995 750 putentur,

1295 753 1379 814 effice,
1393 769 1442 804 nec
1452 752 1639 812 sedesdesere,
1654 750 1831 824 Vestaqtuas.
1988 749 2039 821 380

1263 819 1453 934 quodcqmque
1475 824 1517 870 cst
1538 815 1641 869 solidae
1668 815 1783 876 Gerena,
1812 829 1882 864 caua
1909 811 2039 864 machina

1372 899 1419 934 ran
1457 888 1477 944 t,

1295 898 1481 1013 mollitamiqaue
1492 962 1575 998 manu
1587 945 1666 997 duret
1677 944 1705 996 in
1716 943 1780 1007 igne
1791 941 1887 994 iccua’

1265 1012 1390 1088 iusserat,
1404 1021 1432 1064 et
1443 1012 1534 1088 fratris
1545 1011 1621 1077 uirgo
1632 1007 1855 1083 Saturniafliussis

1295 1077 1402 1136 adnuit,
1416 1083 1443 1128 et
1455 1075 1559 1129 mediae
1571 1083 1625 1128 teni
1662 1075 1897 1128 ranoctrserunt;
1963 1132 1969 1144 ι

1263 1140 1317 1193 iam
1330 1141 1444 1217 ducibus
1454 1157 1577 1193 somnum
1589 1140 1622 1216 de
1641 1149 1701 1214 erat
1711 1137 1794 1190 labor.
1830 1136 1952 1201 increpat
1962 1132 2025 1186 illos

1266 1199 1965 1346 ·,lietbtltdiellilllls‘tiittnn,
1984 1199 2035 1263 ³⁸⁶

1296 1342 1409 1393 mittite,
1423 1350 1503 1400 quam
1516 1349 1626 1386 minime
1637 1333 1746 1398 perdere
1756 1330 1854 1390 uultis,
1866 1343 1951 1394 opem¹
1971 1389 1977 1400 ι

1262 1415 1374 1450 soranus
1386 1399 1452 1459 ubit,
1465 1405 1652 1464 quaeruntque
1664 1395 1742 1448 nouis
1752 1393 1914 1460 ambagibus
1924 1397 1988 1452 coti,

1296 1463 1405 1529 perdere
1416 1479 1497 1530 quam
1510 1462 1597 1514 nolint
1608 1469 1635 1512 ct
1646 1461 1793 1513 iubeantur
1803 1474 1890 1524 opem.
1984 1469 2035 1520 390

1262 1544 1320 1580 esse
1332 1531 1413 1580 Ceres
1424 1529 1484 1579 uisa
1495 1533 1543 1578 est.
1579 1527 1683 1578 iaciunt
1694 1523 1811 1577 Cerialia
1821 1522 1902 1580 donc,

1295 1593 1368 1643 iacta
1378 1609 1458 1668 supter
1468 1592 1559 1668 galeris
1570 1598 1701 1706 acuteque
1712 1589 1794 1655 longa
1804 1593 1910 1638 sonant.

1261 1673 1338 1723 pisae
1350 1657 1421 1710 lame
1433 1673 1504 1708 umcr
1515 1672 1575 1723 spes
1586 1671 1646 1707 exci
1667 1661 1695 1706 ιι.
1732 1655 1810 1705 hoste
1821 1650 1929 1718 repulso

1292 1721 1409 1773 candida
1419 1721 1517 1773 Pistori
1529 1721 1638 1787 ponimr
1648 1736 1696 1771 ara
1708 1718 1775 1770 loni.

1262 1785 1342 1837 Forte
1353 1787 1506 1837 reuertebar
1517 1786 1594 1837 iestis
1607 1783 1763 1836 Vestalibus
1773 1782 1832 1842 illa,

1292 1866 1348 1916 qua
1359 1850 1439 1902 Noua
1450 1851 1572 1902 Romano
1583 1865 1654 1900 nnnc
1664 1849 1712 1900 uia
1723 1848 1817 1900 iuncta
1828 1846 1887 1898 foro
1897 1849 1947 1898 est.

1260 1913 1313 1966 liuc
1325 1915 1392 1980 prede
1404 1925 1553 1968 matronam
1566 1914 1623 1966 uidi
1634 1912 1795 1965 descendere
1806 1911 1898 1964 nudo:

1293 1979 1410 2046 obstipui
1423 1980 1524 2032 tacitns
1535 1978 1706 2044 sustinuique
1717 1977 1841 2043 gradum.

1259 2045 1344 2095 sensit
1356 2061 1425 2096 anus
1437 2045 1526 2096 uicina
1538 2043 1589 2095 loci
1600 2044 1757 2108 iussumque
1768 2041 1861 2093 sedere

1292 2108 1329 2159 all
1367 2109 1441 2160 uitur
1451 2109 1577 2176 quatiens
1588 2123 1653 2159 uoce
1665 2111 1798 2159 trenienta
1808 2109 1891 2171 caput
1903 2123 1909 2154 ι

1262 2172 1329 2224 ‘boc
1341 2189 1358 2224 u
1379 2174 1387 2224 i
1399 2190 1470 2225 nunc
1481 2173 1540 2225 iora
1551 2179 1623 2233 sunt,
1636 2171 1707 2223 udae
1720 2166 1971 2244 tenuereupaludes3

1291 2253 1372 2289 amne
1381 2238 1538 2290 redundatis
1551 2237 1623 2289 iosaa
1633 2235 1762 2288 madebat
1772 2249 1859 2302 aquia

1260 2301 1370 2354 Curtius
1382 2303 1428 2378 ille
1439 2303 1523 2362 lacus,
1536 2301 1620 2354 siccas
1631 2301 1678 2367 qui
1690 2300 1807 2351 sustinet
1818 2313 1890 2372 aras,

1258 2361 1940 2508 quqaqqquqqngqnqeiquqifflnqaqqgeqqigpqqqqs'
1979 2437 2029 2490 405

1290 2495 1328 2546 nil
1341 2505 1446 2562 praeter
1456 2496 1550 2548 salices
1561 2510 1691 2561 cassaque
1702 2508 1790 2546 muna
1801 2493 1863 2544 ime

1257 2575 1338 2626 saepe
1349 2561 1518 2612 suburbanas
1529 2561 1634 2612 rediens
1644 2559 1762 2611 maniae
1769 2573 1820 2634 per
1831 2555 1920 2608 undas

1289 2629 1384 2677 cantat
1394 2631 1423 2678 et
1432 2625 1467 2678 ad
1479 2631 1577 2676 nautas
1588 2623 1663 2676 ebria
1674 2621 1841 2698 uerberauit

1256 2689 1377 2741 nondum
1387 2690 1549 2742 conueniens
1561 2689 1674 2741 diuersis
1686 2688 1737 2739 iste
1749 2687 1765 2738 fi
1805 2703 1842 2738 ria

1276 2769 1385 2830 'nomen
1397 2754 1433 2807 ab
1443 2770 1538 2806 auerso
1548 2759 1656 2829 ceperat
1667 2768 1746 2804 amne
1776 2767 1838 2826 eus,
1977 2764 2028 2811 aro

1255 2817 1299 2871 hic
1310 2835 1347 2886 qu
1384 2835 1418 2872 ue
1429 2819 1505 2871 lucus
1516 2825 1575 2871 erat
1585 2834 1671 2869 iuncis
1682 2823 1712 2869 et
1723 2815 1875 2868 harundine
1887 2813 1987 2866 densus

1286 2889 1315 2936 et
1379 2880 1795 2958 euelatononadeundapalne

1253 2949 1967 3090 'detinetibtfflntlt‘tth

1252 3077 1406 3130 reddiderat
1414 3093 1532 3130 causam.
1565 3077 1679 3138 ‘ualere
1688 3091 1758 3128 anus
1769 3075 1898 3142 optuua;'
1911 3073 2024 3137 dixi415

1287 3142 1376 3210 ‘quod
1387 3148 1508 3209 superest
1519 3143 1589 3202 aeui,
1603 3141 1684 3194 molle
1694 3140 1731 3192 sit
1742 3154 1831 3201 cuine,
1845 3137 1907 3215 tui!

1253 3207 1350 3259 Cetera
1360 3207 1413 3259 iarn
1426 3207 1529 3274 pridem
1541 3206 1623 3259 didici
1635 3203 1784 3272 puerilibus
1794 3219 1884 3265 annm,

1285 3287 1338 3322 non
1351 3277 1441 3324 tamen
1454 3272 1551 3324 idcirco
1563 3267 1759 3337 praetereunda
1770 3268 1846 3321 mihi

1251 3337 1358 3388 moenia
1370 3336 1539 3388 Dardanides
1549 3351 1634 3402 nuper
1644 3349 1717 3386 noua
1726 3334 1830 3386 iecerat
1840 3331 1898 3384 llus
1909 3351 1916 3381 ι

1285 3401 1342 3452 llus
1353 3401 1442 3452 adhuc
1454 3401 1536 3453 Asiae
1547 3400 1625 3452 diues
1636 3398 1782 3450 habebato
1839 3417 1846 3448 z

1251 3465 1369 3517 creditur
1379 3465 1520 3518 armiferae
1531 3465 1639 3532 signum
1651 3463 1767 3515 caeleste
1811 3461 1922 3514 iueruae

1284 3530 1359 3581 urbis
1370 3531 1399 3582 in
1412 3530 1510 3582 iliacae
1521 3529 1662 3581 desiluisse
1673 3528 1746 3594 iuge.

1249 3610 1314 3646 cura
1326 3595 1418 3647 uidere
1429 3595 1491 3652 luit.
1504 3594 1562 3646 uidi
1574 3599 1628 3644 teni
1647 3593 1759 3659 luraque
1770 3591 1922 3658 locumque.

1282 3658 1333 3711 hcc
1344 3666 1465 3725 sirrierest
1476 3659 1525 3720 illi,
1541 3658 1599 3710 Pell
1636 3675 1654 3709 a
1666 3657 1755 3708 Roma
1765 3661 1849 3708 tenet

1249 3724 1399 3775 consulitur
1409 3724 1565 3776 Smintheus
1576 3724 1690 3798 luceque
1701 3720 1832 3773 obscurus
1841 3733 1927 3786 opaco
1974 3733 2005 3782 42
2008 3729 2022 3784 5

1281 3787 1331 3839 hos
1341 3804 1394 3864 uqn
1407 3789 1521 3840 mentito
1533 3787 1649 3840 reddidit
1660 3801 1706 3839 ora
1716 3801 1798 3862 sonos
1808 3805 1814 3836 ι

1266 3848 1912 3993 ‘riniinmriiiiisnitimtffl-

1247 3979 1927 4122 “ntitib'lzesl‘iitldtiitdtffi

1246 4110 1298 4162 sub
1310 4111 1417 4163 Priamo
1428 4117 1536 4164 seruata
1547 4125 1650 4177 parum.
1685 4125 1725 4162 sic
1735 4123 1796 4176 ipsa
1806 4106 1927 4169 uolebat,

1278 4192 1311 4226 eir
1324 4191 1379 4242 quo
1389 4176 1489 4228 iudicio
1499 4176 1586 4228 forma
1596 4175 1700 4228 reuicta
1710 4190 1762 4227 sua
1771 4179 1821 4225 eat

1245 4256 1294 4291 sen
1305 4257 1391 4305 genus
1402 4241 1521 4302 Adrasti,
1534 4256 1582 4292 seu
1594 4240 1674 4292 furtis
1685 4246 1768 4306 aptus
1779 4237 1885 4300 Vlixes,

1983 1787 2032 1844 395

1980 2115 2032 2163 ⁴0⁰

1973 3409 2023 3456 ⁴²⁰

1972 4055 2022 4106 4³0

1220 4352 1221 4362 ,
1278 4321 1327 4356 seu
1338 4307 1399 4372 pius
1410 4307 1517 4358 Aeneas
1528 4305 1668 4372 (eripuisse
1678 4305 1790 4366 ierunt),

1219 4367 1221 4418 l
1246 4375 1341 4420 airrmr
1351 4371 1379 4422 in
1392 4371 1502 4430 incerto,
1515 4376 1610 4422 rescat
1622 4370 1753 4422 Romana
1789 4370 1886 4420 tuetur
1968 4375 2015 4430 435

1279 4433 1373 4495 Vesta,
1387 4434 1457 4501 quod
1470 4434 1579 4486 assiduo
1590 4433 1693 4486 lumine
1704 4437 1804 4484 cuncta
1814 4431 1899 4483 uidet.

414 4501 498 4562 atque
510 4497 616 4548 utinam
628 4513 736 4564 pugnae
743 4503 836 4563 puteat
845 4497 919 4549 locus
931 4503 937 4548 l
955 4514 1032 4549 arma
1039 4505 1191 4564 capessant,
1219 4515 1221 4551 ι
1245 4497 1297 4549 lieu
1310 4506 1444 4564 quantum
1456 4499 1569 4550 timuere
1580 4503 1678 4564 patres,
1691 4513 1746 4564 quo
1757 4503 1878 4564 tempore
1889 4493 1975 4547 Vesta

447 4567 484 4622 et,
497 4562 586 4613 sinon
599 4569 727 4628 poterunt
738 4577 908 4629 exsuperare,
923 4561 1031 4614 cadant.

415 4640 488 4678 nunc
499 4627 592 4693 inopes
604 4628 694 4677 uictus
706 4627 861 4693 igneusque
873 4627 933 4680 iata
943 4627 1073 4714 timenteq

414 4691 1134 4822 tunncthgnhhoeillilrihspiiliiieiatiiliiiqiirissiiirinus
1145 4769 1175 4822 37
1178 4768 1192 4821 5

447 4817 585 4886 Vestaque
597 4835 644 4886 pro
655 4820 736 4872 Latio
746 4821 835 4873 multa
846 4820 938 4874 locuta
948 4837 998 4874 suo
1009 4827 1058 4874 est.

1219 4554 1221 4607 l
1277 4564 1345 4614 arsit
1356 4569 1384 4615 et
1395 4569 1437 4614 est
1449 4563 1527 4615 tectis
1538 4562 1636 4614 obruta
1646 4577 1731 4628 paene
1742 4561 1807 4614 suis.

1245 4625 1398 4703 llagrrabant
1408 4629 1496 4679 sancti
1507 4626 1644 4679 sceleratis
1655 4625 1764 4693 ignibus
1775 4625 1861 4692 ignes,
1900 4690 1906 4702 .

1244 4690 1949 4808 ,itlihltttiltlhfdtttltiltffl
1967 4701 2016 4752 ⁴⁴⁰

1217 4830 1220 4885 1
1276 4820 1426 4874 abstulerat
1437 4821 1508 4875 uires
1519 4821 1635 4890 corporis
1646 4821 1703 4888 ipse
1715 4821 1803 4873 timor.

471 4996 505 5042 Vi
520 4998 564 5042 818
578 5003 627 5044 tota
644 4997 684 5044 uel
702 4997 770 5044 solda
787 4997 868 5043 Madv.
889 4995 963 5052 (Adri
983 4997 1009 5043 11
1027 4996 1089 5048 107),
1122 4998 1167 5042 818
1183 5011 1254 5044 cossa
1272 4998 1291 5044 1.
1313 4998 1345 5045 Η.
1364 4999 1434 5045 Voss.
1466 4999 1509 5044 eit
1526 4997 1635 5045 οὸιειιιαι
1652 4997 1677 5042 V
1691 5013 1707 5042 ι·
1724 4995 1808 5044 Madv.
1846 4995 1891 5040 818
1904 5006 1966 5052 quar
1981 4991 2010 5038 V.

412 5055 457 5126 881
470 5057 578 5126 piena-s.
610 5058 654 5101 881
670 5059 794 5126 i‘nstiterct
812 5055 892 5102 Madv.
905 5055 979 5110 (Adu.
993 5056 1018 5101 11
1035 5055 1097 5110 108).
1130 5057 1181 5110 888,
1194 5057 1240 5100 888
1254 5058 1418 5126 ιριιιὶοιιιιιι
1433 5061 1515 5103 censet
1531 5056 1611 5103 Bentl.
1644 5057 1688 5100 888
1703 5057 1819 5102 concaui
1833 5053 1876 5099 V¹.
1908 5053 1960 5110 888,
1971 5051 2014 5096 888

459 5173 465 5186 ·
531 5115 745 5233 ffihhiilg‘imi
757 5114 834 5229 iiii
860 5115 906 5218 ff
923 5113 1795 5230 ‘⁶3m03123,⁸“,{,⁰⁸⁶„15,20„5ul,1“33‘mm-,iffi
1807 5111 2014 5218 iiiiii&

410 5174 611 5293 &effipia
650 5189 702 5278 888)
711 5233 778 5280 detes
791 5234 815 5279 d.
832 5233 859 5279 V.
877 5188 1022 5279 tuciuhlerk.
1063 5233 1108 5277 881
1124 5235 1212 5280 cereris
1227 5234 1319 5280 sdidue
1329 5250 1345 5278 s
1357 5233 1442 5281 Giithl.
1482 5235 1526 5278 888
1542 5235 1638 5291 prosim
1653 5238 1703 5279 tras
1718 5205 1804 5279 Heins’.
1818 5230 1860 5284 ah,
1872 5232 1967 5276 nidere
1980 5201 2012 5283 V:

409 5293 507 5340 amem
521 5295 580 5340 cett.
592 5291 647 5339 edd
659 5293 760 5352 aliquot
794 5293 838 5337 888

964 5292 1058 5346 Burni„
1071 5293 1169 5338 trudere
1183 5291 1252 5339 codd.
1285 5293 1329 5338 888
1344 5307 1406 5351 quoe
1421 5293 1501 5339 Madv.
1513 5293 1587 5348 (arla.
1600 5291 1696 5347 11108).
1728 5291 1772 5336 888
1786 5289 1874 5344 lotiV,
1889 5289 1940 5334 low
1953 5289 2011 5332 0888.

408 5351 627 5399 Mredandnnti'r
637 5352 668 5408 V,
680 5351 833 5399 redundanti
882 5367 905 5396 r.
937 5351 983 5394 808
997 5365 1125 5407 reumaque
1143 5351 1198 5396 Vr.
1229 5351 1276 5395 818
1290 5353 1393 5398 adamo
1410 5352 1434 5395 V
1449 5352 1505 5398 bie.
1536 5353 1582 5395 818
1597 5353 1655 5397 inde
1671 5363 1735 5396 unus
1751 5347 1829 5396 iderlr.
1850 5345 1938 5394 Giithl.
1969 5343 2014 5388 888

407 5467 492 5517 neiis

407 5409 448 5455 r'lti'
463 5425 494 5457 ex
512 5411 543 5469 V,
561 5413 614 5458 illic
629 5415 686 5460 cett
705 5411 779 5460 Peter
793 5410 824 5458 al.
867 5410 914 5456 881
931 5411 998 5456 coiit
1014 5409 1072 5455 hle.
1116 5411 1168 5466 888,
1185 5410 1231 5453 888
1246 5411 1382 5458 circumeas.
1400 5410 1474 5457 blerk.
1510 5411 1555 5454 888
1571 5424 1643 5468 pencr-
1657 5408 1722 5456 Vlr.
1758 5409 1804 5452 888
1820 5408 1931 5468 eripuere
1943 5402 2013 5450 deam
