4910 6392
894 439 1000 502 [Atrei
1023 438 1178 490 TIIWLIA
1200 439 1273 490 alii.
1300 439 1351 490 III
1373 441 1451 504 (Wll

367 602 450 670 inque
462 603 549 656 uicem
562 604 642 656 modo
653 604 757 656 directo
768 605 931 658 contendere
944 621 1034 672 passu,

368 685 415 720 seii
428 668 521 730 libeat,
535 685 620 722 curuo
632 670 741 722 lireuius
752 679 911 722 conuertere
922 687 997 735 0500,

368 733 430 800 quis
443 750 545 798 000000,
558 751 607 786 seu
620 735 719 786 dextra
731 735 800 786 uelit
811 751 860 786 seu
873 735 962 795 laena,
976 735 1056 796 trieri,
1119 747 1149 799 95

368 799 427 850 siue
438 799 489 850 hac
500 799 559 852 siue
571 800 635 852 illac
647 800 743 851 ueniat
764 799 847 850 mauis
859 800 978 865 inipctns
990 801 1085 851 lrastne

368 863 492 940 aniplior,
506 871 556 916 aut
567 865 678 932 signata
688 817 817 915 01101010
829 871 941 938 tangere
953 865 1046 915 iumln.

368 942 424 979 iani
436 929 517 980 annul
529 929 644 981 audacis
656 928 769 980 uenient
780 933 931 980 certamina
944 928 1051 989 ltlartis,

368 993 546 1061 aduersisque
558 1001 655 1060 parent
666 993 739 1045 acies
751 1009 909 1044 concurrere
920 993 1015 1056 simiis,

370 1065 428 1108 1000
440 1058 492 1110 tibi
504 1075 557 1110 ιιο0
570 1059 642 1111 desii
653 1057 752 1110 taciem
765 1073 925 1123 componere
939 1074 1055 1122 pugnae,
1106 1071 1151 1108 000

369 1140 416 1174 000
429 1123 466 1175 sit
477 1139 545 1190 opus
557 1124 722 1190 quadratum
734 1122 807 1174 acics
819 1123 951 1172 consistat
963 1123 990 1172 in
1003 1138 1109 1186 aprincii,

370 1193 459 1239 rectus
471 1195 502 1239 nt
513 1189 640 1255 aequans
651 1187 778 1238 decurrat
790 1186 925 1237 Irontibns
936 1186 1009 1246 enin,

370 1269 418 1304 seii
430 1252 517 1304 libent
528 1253 665 1319 duplicem
677 1251 824 1302 seiunctim
836 1266 944 1302 cernere
957 1251 1084 1312 Martem,

370 1318 466 1369 dexter
479 1318 521 1369 uti
532 1317 642 1369 laeuum
656 1325 751 1368 teneat
763 1316 945 1382 dextrumque
957 1316 1065 1368 sinister

371 1382 448 1434 miles
459 1381 550 1448 sitque
561 1381 663 1448 duplex
675 1381 777 1444 peinini
789 1379 905 1432 uictoria
917 1397 1004 1432 casini.
1106 1393 1150 1446 005

403 1449 443 1498 At
455 1463 507 1496 non
521 1462 567 1512 per
578 1446 678 1498 ilnhios
689 1451 781 1497 errant
792 1461 854 1496 inea
864 1445 986 1496 cniinlna
998 1445 1092 1498 landes
1103 1467 1108 1497 :

371 1529 434 1564 narn
448 1510 526 1563 hellis
537 1519 652 1578 experta
663 1527 739 1562 cane.
777 1511 855 1562 testis
867 1509 934 1561 milii
947 1509 1038 1562 nictac

371 1577 448 1628 tortis
462 1576 592 1641 hippdine
605 1575 691 1634 miles,
706 1575 787 1626 testis
797 1591 906 1650 qnoque
919 1575 1002 1626 Iiillax

373 1641 539 1700 Pannonius,
552 1641 658 1704 gelidas
670 1639 770 1706 passim
782 1639 915 1692 disiectus
926 1640 953 1691 in
968 1639 1052 1708 illpes

371 1707 451 1760 testis
465 1705 595 1770 ,laminis
607 1713 635 1756 et
649 1721 752 1771 prinpcr
763 1713 846 1756 natas
858 1705 885 1756 in
898 1705 982 1764 aruis,
1108 1719 1153 1755 iio

370 1788 451 1838 quein
463 1770 486 1820 si
498 1770 561 1837 qais
573 1770 669 1822 uideat
681 1777 762 1821 uetus
773 1779 805 1822 nt
817 1786 870 1821 nori
882 1769 993 1832 lregcrit
1004 1777 1091 1830 aetus,

372 1843 451 1888 terna
463 1835 553 1886 ininns
566 1835 661 1890 I‘rline
674 1835 788 1886 iniretur
798 1836 910 1886 saecula
921 1833 1020 1887 lamae.

372 1887 1079 1969 namquesenexlongaepcragitdninirripernnr'lac,
1096 1908 1152 1950 000ι

372 1977 482 2019 centuni
495 1965 625 2018 fecundos
638 1965 721 2016 'I'itan
734 1965 908 2016 renouauerit
919 1981 1014 2022 annes,

373 2033 430 2098 ipse
441 2039 534 2084 tanren
547 2030 628 2082 uelox
641 2029 755 2081 celerem
768 2045 849 2094 snper
859 2029 939 2080 edere
951 2045 996 2080 eoi
1008 2047 1046 2079 ms

372 2097 456 2150 audet
468 2113 568 2165 equum
581 2094 736 2160 ualidisque
745 2093 821 2146 sedet
833 2095 986 2146 moderator
1008 2093 1118 2145 rahonis.

373 2169 401 2214 te
414 2161 483 2214 (1000
494 2179 548 2214 non
560 2160 631 2212 alias
643 2175 791 2211 corruerem
804 2165 881 2224 terga
893 2159 1017 2210 domator
1109 2157 1154 2209 006

374 2227 459 2278 libera
471 2227 611 2278 Romanae
624 2224 740 2275 subiecit
753 2223 823 2274 colla
835 2231 956 2274 caterine.

407 2293 465 2343 Nec
476 2297 568 2343 lamen
581 2291 624 2342 his
636 2296 782 2340 contentus
793 2289 846 2339 eris
858 2310 864 2339 :
883 2289 987 2339 maiora
999 2287 1114 2353 ,erectis

373 2357 488 2418 instant,
502 2363 669 2422 coinpertnin
683 2359 725 2406 est
738 2354 881 2404 ueracibus
894 2361 925 2402 at
938 2352 1003 2404 inihi
1016 2352 1110 2415 sienis,

373 2421 435 2490 quis
447 2421 651 2484 Amythaonius
664 2435 713 2502 neq
719 2424 784 2469 neat
794 2423 897 2469 certare
910 2417 1071 2482 Melampus.
1112 2431 1157 2467 000

375 2503 438 2538 nain
450 2487 530 2537 modo
542 2485 692 2548 Inleentein
710 2483 790 2548 Tyrio
802 2483 974 2546 subtegmine
986 2489 1091 2534 uestem

374 2551 502 2603 indueras
513 2551 617 2601 oriente
629 2549 673 2599 ‹lie
685 2548 754 2599 duee
766 2547 865 2599 Iertilis
876 2547 951 2606 anni,

375 2615 541 2682 splendidior
553 2615 580 2666 ln
593 2613 664 2665 nidis
676 2631 739 2666 curn
753 2611 799 2666 Sol
811 2619 897 2678 caput
908 2611 1010 2664 extulit
1022 2610 1103 2663 undis

374 2689 403 2734 ct
415 2681 472 2732 iera
482 2681 577 2731 discor«
590 2697 618 2730 es
630 2685 779 2731 tennerunt
791 2676 904 2728 11000100
915 2677 1003 2736 uenti,

375 2764 460 2800 carna
471 2763 520 2798 nec
532 2744 662 2796 adsuetos
673 2751 788 2808 egerunt
802 2741 916 2794 llnmina
928 2758 1031 2802 cursus,
1114 2755 1141 2790 iz
1144 2753 1157 2806 5

375 2813 441 2879 quin
454 2811 579 2878 rapidum
592 2808 708 2877 placidis
720 2809 805 2862 etiam
817 2824 891 2860 mare
902 2806 1028 2859 constitit
1040 2805 1128 2866 undis,

377 2877 436 2928 nlla
447 2893 496 2928 nec
508 2875 596 2928 aerias
611 2873 729 2926 nolueris
742 2873 893 2940 perlabitur
903 2887 986 2924 auras

377 2959 426 2993 nce
438 2941 593 3008 quadrupes
606 2939 706 2990 densas
717 2938 874 3005 depascitur
885 2952 981 3002 aspiera
992 2935 1087 2996 siluas,

376 3007 442 3072 quin
456 3007 556 3070 largita
571 3005 626 3056 tuis
638 3010 703 3056 sunt
714 3008 810 3056 0000010
822 3002 935 3054 silentia
946 3001 1026 3052 uotis.

379 3073 411 3124 Iu
423 3071 502 3137 rpiter
512 3071 570 3136 ipse
585 3069 640 3121 leui
652 3074 749 3121 nectus
761 3084 809 3136 per
819 3067 915 3119 inania
925 3082 1006 3118 curru
1114 3079 1122 3115 i
1128 3078 1159 3128 30

376 3088 465 3188 adIuit
477 3143 507 3188 et
517 3137 594 3188 eaelo
606 3134 728 3186 uicinum
741 3132 823 3200 liquit
834 3132 992 3197 Olympum,

377 3201 539 3268 intentaque
554 3201 609 3253 tuis
621 3199 745 3275 precibus
757 3215 786 3249 se
800 3196 925 3263 praebuit
936 3211 1002 3246 aare
1041 3258 1046 3269 Ι

376 3272 530 3332 cunct-ique
544 3281 634 3317 neraei
646 3264 737 3330 capite
748 3262 865 3314 adnuit:
883 3260 997 3312 adilitns
1008 3275 1062 3310 aris

378 3331 475 3383 laetior
487 3331 576 3383 eluxit
588 3337 707 3381 structos
718 3344 798 3394 super
809 3327 881 3402 ignis
893 3341 1012 3376 aceruos.

411 3396 484 3458 Quia
497 3397 624 3448 hortante
636 3395 688 3445 deo
699 3391 807 3457 magnis
818 3391 944 3443 insistere
956 3390 1036 3440 rebus
1116 3403 1124 3438 ι
1129 3401 1159 3452 55

379 3461 467 3527 incipe
481 3480 487 3520 ;
505 3477 559 3512 non
571 3461 643 3512 idem
656 3458 706 3510 tihi
717 3460 773 3510 sint
785 3456 903 3522 aliisque
915 3453 1053 3521 triumphi.

379 3543 432 3578 non
446 3533 472 3576 te
486 3525 577 3577 uicino
589 3523 769 3576 remorabitur
780 3521 863 3572 obuia
875 3521 967 3571 Marte

380 3591 472 3642 lisina
484 3607 533 3642 nec
546 3590 611 3642 latis
622 3589 715 3641 audax
728 3586 865 3653 Hispania
875 3585 955 3638 terris

379 3672 428 3707 nec
440 3655 498 3708 Iera
508 3655 631 3707 Theraeo
643 3653 725 3706 tellus
737 3652 847 3703 obsessa
857 3650 962 3707 colono,

380 3737 429 3772 nee
440 3736 496 3788 qna
507 3720 552 3772 nel
565 3719 645 3772 Nilus
657 3718 701 3770 uel
715 3716 790 3782 regia
803 3715 915 3781 lympha
927 3714 1064 3778 Choaspes
1117 3727 1162 3774 iao

380 3785 490 3852 prolluit
502 3793 553 3837 ant
564 3785 684 3850 rapidus,
699 3781 763 3847 Cyri
775 3781 923 3855 dementia,
937 3777 1049 3854 tlppdea

380 3859 440 3903 aret
452 3849 594 3902 Arectaeis
605 3849 680 3901 haud
692 3864 750 3900 una
761 3862 808 3913 per
819 3850 891 3896 ostia
902 3859 1014 3908 campis,

381 3931 430 3967 nec
441 3931 497 3982 qua
508 3931 592 3978 regna
603 3929 676 3980 uago
687 3910 813 3977 Tamyris
825 3909 917 3962 finiuit
928 3909 1031 3968 Araxe,

380 3981 466 4056 impia
477 3996 526 4031 nec
538 3978 630 4031 saenis
641 3978 781 4030 celebrans
793 3973 922 4026 conuiuia
932 3971 1032 4024 mensis

380 4045 480 4097 ultima
493 4043 600 4095 uicinus
612 4043 723 4095 Phoebo
735 4047 811 4093 tenet
822 4055 891 4091 arria
902 4037 1037 4097 Padaeus,
1118 4047 1163 4099 145

381 4125 491 4178 quaque
504 4109 613 4161 Hebrus
624 4107 782 4173 Tanaisque
794 4105 880 4157 Getas
890 4103 962 4170 rigat
971 4109 1055 4168 atque
1068 4100 1162 4165 hlagy·

479 4190 535 4225 nos.

381 4239 447 4308 quid
460 4243 567 4291 0000001
584 4238 710 4290 Oceanus
718 4238 805 4312 ponto
817 4249 873 4302 qua
884 4231 1007 4307 continet
1018 4230 1118 4291 orbem,

383 4304 461 4357 nulla
473 4303 522 4355 tihi
534 4303 656 4354 aduersis
668 4317 743 4368 regio
754 4315 813 4351 sese
824 4298 919 4349 offeret
930 4311 1021 4372 armis.

383 4377 410 4422 te
423 4375 514 4421 manet
526 4368 647 4420 inuictus
659 4368 784 4419 Romano
796 4364 887 4415 illarte
900 4362 1049 4412 Britannus

383 4441 465 4501 teqne
477 4433 620 4486 interiecto
631 4431 727 4483 mnndi
739 4426 979 4506 parsalterasole.
1120 4435 1165 4490 050

384 4516 447 4551 nani
460 4499 623 4550 circumfuso
635 4497 760 4548 consistit
772 4495 800 4546 in
812 4510 875 4545 aere
888 4491 971 4543 tcllns

383 4570 412 4616 et
424 4564 544 4630 quinque
557 4564 584 4614 in
595 4567 688 4678 partes
700 4565 759 4613 toto
770 4558 924 4626 disponitur
935 4556 1005 4607 orbe.

383 4635 467 4695 atque
479 4629 549 4680 dnae
561 4643 594 4692 ge
606 4627 651 4678 ido
662 4629 810 4678 uastantur
819 4623 919 4688 frigore
930 4635 1050 4686 semper:

384 4694 440 4746 illic
452 4699 481 4744 et
492 4694 578 4744 densa
589 4691 671 4743 tellus
683 4689 860 4742 absconditur
872 4685 977 4744 umbra,

385 4765 413 4811 et
425 4758 502 4809 nulla
513 4758 622 4824 incepto
633 4754 785 4822 perlabitur
795 4753 871 4804 unda
881 4751 995 4818 liquore,
1005 4813 1012 4824 '
1120 4762 1129 4797 0
1135 4759 1164 4813 55

384 4823 432 4875 sed
445 4823 545 4875 durata
556 4821 627 4888 riget
637 4819 750 4872 (1000000
762 4819 790 4870 10
802 4817 973 4884 glaciemque
985 4828 1140 4890 niuemque,

386 4888 485 4956 quippe
496 4887 544 4938 ubi
556 4903 609 4938 non
622 4901 754 4954 umquam
766 4883 849 4935 Titan
861 4895 943 4948 super
954 4885 1040 4945 egerit
1052 4883 1133 4929 ortus.

1201 611 1231 658 01
1242 606 1333 659 media
1344 611 1387 659 est
1398 607 1500 660 Phoebi
1512 625 1618 674 semper
1629 607 1754 660 sublecta
1764 608 1855 669 001001,

1202 688 1250 722 seu
1263 672 1368 737 propior
1380 673 1458 724 terris
1470 673 1607 724 aestiuum
1621 673 1748 724 fertario
1760 673 1851 724 orbem

1201 753 1250 787 sen
1261 737 1331 787 celer
1342 736 1470 788 hibernas
1483 744 1609 803 properat
1620 737 1761 789 decurrere
1774 739 1862 788 laces:
1936 741 1982 787 000

1203 817 1255 852 non
1268 801 1352 864 igitur
1364 817 1454 868 presso
1466 802 1550 854 tellus
1561 803 1684 864 exsurgit
1696 809 1795 861 000100,

1203 881 1252 916 0000
1264 866 1368 928 linirem
1380 873 1486 930 segetes
1507 867 1629 918 ›rachent
1641 881 1729 932 neque
1741 865 1842 932 pabula
1854 873 1956 917 terrae:

1203 945 1256 980 non
1269 929 1324 981 illic
1337 930 1402 982 colit
1413 947 1482 983 0οιιο
1493 883 1570 992 dens,
1585 931 1745 982 Ilaccliusue
1758 934 1882 990 Ceresue,

1203 994 1280 1046 nulla
1291 1011 1340 1046 nec
1351 1001 1464 1048 exustas
1476 995 1605 1049 habitant
1616 995 1749 1048 aalmalia
1760 1001 1858 1062 partes.

1202 1059 1301 1112 fertilis
1312 1059 1383 1112 lianc
1394 1061 1466 1113 inter
1476 1061 1567 1128 posita
1575 1069 1617 1113 eet
1629 1061 1756 1126 interque
1767 1059 1899 1123 rigentem
1935 1063 1979 1122 005

1204 1131 1351 1200 nostraque
1363 1132 1391 1176 et
1403 1126 1466 1177 huic
1477 1127 1596 1178 aduersa
1607 1126 1666 1177 solo
1675 1141 1740 1200 para
1751 1124 1839 1176 altera
1852 1129 1950 1184 nestro,

1202 1206 1272 1255 quas
1282 1190 1381 1242 snnilis
1392 1191 1530 1258 utrimque
1543 1197 1640 1244 tenens
1653 1190 1756 1242 uicinia
1766 1189 1834 1241 caeli

1202 1263 1345 1321 temperat,
1359 1255 1430 1306 alter
1441 1265 1470 1307 et
1480 1256 1596 1308 alterius
1607 1255 1681 1306 uires
1693 1261 1773 1306 necat
1783 1271 1844 1306 aar:

1203 1319 1266 1371 hine
1278 1319 1400 1385 placidas
1413 1320 1491 1371 nubis
1503 1335 1550 1386 per
1561 1327 1616 1372 teni
1647 1335 1685 1370 rra
1697 1320 1815 1371 nertitni
1825 1335 1913 1371 annus
1925 1339 1930 1370 :

1202 1383 1265 1435 hine
1276 1391 1306 1435 et
1316 1383 1387 1435 colla
1398 1384 1463 1450 ingo
1474 1383 1572 1436 didicit
1582 1399 1614 1434 su
1636 1384 1744 1436 mittere
1757 1391 1854 1436 taurus
1936 1397 1981 1446 ¹70

1202 1457 1231 1501 et
1242 1449 1318 1500 lenta
1328 1448 1449 1500 excelsos
1460 1449 1528 1501 uitia
1538 1449 1718 1500 conscendere
1730 1464 1828 1508 ramos,

1202 1515 1385 1580 tondeturque
1397 1529 1474 1578 sepes
1486 1521 1609 1566 maturos
1620 1529 1715 1565 annua
1725 1519 1830 1581 partus,

1202 1585 1231 1630 ct
1241 1579 1312 1630 lerro
1323 1578 1414 1640 tellus,
1425 1587 1527 1644 pontus
1537 1579 1703 1630 conlinditur
1713 1595 1793 1636 aeres

1203 1643 1269 1710 quia
1281 1643 1364 1695 etiarn
1377 1644 1490 1696 structis
1501 1652 1655 1710 exsurgunt
1666 1643 1767 1710 oppida
1778 1641 1870 1694 muris.

1203 1725 1266 1824 erpo
1277 1708 1325 1760 nbi
1337 1707 1488 1774 praeclaros
1496 1709 1749 1775 proscenttualactn
1759 1706 1921 1774 triumphs,
1937 1717 1981 1770 175

1203 1791 1233 1824 so
1245 1789 1277 1824 ua
1289 1781 1405 1840 utroque
1417 1773 1489 1824 idem
1501 1773 1598 1824 diceris
1609 1789 1726 1838 magnus
1738 1773 1765 1824 in
1777 1773 1848 1824 orbe.

1237 1837 1298 1889 Non
1311 1854 1362 1914 ego
1373 1855 1433 1889 suin
1445 1839 1515 1890 satis
1527 1838 1561 1888 ad
1575 1845 1671 1890 tautae
1684 1837 1828 1904 praeconia
1840 1835 1938 1896 landis,

1205 1903 1262 1968 ipse
1275 1901 1341 1952 mihi
1354 1919 1407 1954 non
1420 1904 1442 1954 si
1456 1902 1624 1979 praescribat
1633 1902 1758 1954 carmina
1770 1901 1903 1953 Plinebns.

1205 1973 1247 2018 est
1259 1967 1318 2026 tibi,
1331 1968 1380 2033 qni
1391 1975 1478 2034 possit
1490 1967 1637 2030 0000001000
1649 1967 1789 2029 accingere
1801 1967 1890 2026 reims,

1208 2031 1335 2096 Valgium
1352 2039 1465 2084 aeterno
1476 2033 1582 2098 propior
1593 2047 1647 2083 non
1660 2031 1730 2082 alter
1743 2031 1868 2082 Homero.
1939 2030 1985 2079 080

1207 2096 1338 2162 languida
1349 2113 1404 2150 000
1416 2103 1508 2149 noster
1555 2097 1628 2162 ragit
1640 2095 1718 2147 labor
1728 2095 1795 2156 0110,
1809 2095 1936 2162 quamuis

1206 2161 1324 2220 1001000,
1339 2169 1372 2215 01
1383 2179 1441 2214 mos
1452 2113 1557 2222 0011111,
1570 2177 1614 2213 000
1626 2161 1744 2213 aduersa
1755 2160 1862 2224 fatiget

1207 2243 1270 2278 nam
1283 2227 1359 2288 inihi,
1373 2243 1435 2279 cuin
1447 2227 1555 2289 maenis
1566 2226 1664 2292 opibus
1675 2226 1773 2277 doinus
1785 2225 1844 2276 alta
1856 2225 1964 2284 niteret,

1208 2292 1252 2342 cui
1264 2293 1374 2343 fuerant
1385 2291 1451 2344 flaui
1463 2292 1585 2344 ditantes
1596 2291 1690 2342 ordine
1701 2289 1771 2342 sulci

1209 2357 1303 2408 horrea
1314 2357 1445 2408 fecundas
1455 2357 1491 2408 ad
1504 2355 1661 2408 delicientia
1673 2355 1778 2416 niessis,
1941 2355 1984 2418 085

1207 2421 1251 2472 cui
1272 2437 1306 2472 ue
1317 2437 1398 2486 pecus
1409 2421 1494 2473 denso
1505 2420 1656 2496 pasceliimt
1667 2420 1776 2486 aparine
1787 2418 1879 2479 colles,

1209 2492 1238 2537 et
1249 2437 1359 2562 11000100
1370 2485 1438 2537 satis
1450 2495 1479 2537 et
1490 2485 1605 2537 nimium
1619 2485 1728 2551 iurique
1740 2484 1867 2550 lupoque,

1209 2567 1281 2601 nnnc
1292 2550 1456 2602 desiderium
1468 2559 1608 2616 superest:
1628 2565 1692 2600 uani
1704 2565 1770 2600 cura
1781 2556 1907 2606 nouatnr,

1208 2631 1270 2666 cum
1278 2631 1380 2667 mernor
1387 2621 1536 2667 anteactos
1544 2630 1651 2680 semper
1660 2613 1738 2666 ilolor
1749 2613 1879 2665 admonet
1890 2627 1983 2664 annos.

1209 2679 1256 2732 sed
1269 2679 1332 2731 licet
1343 2680 1481 2746 asperiora
1491 2679 1594 2732 cadant
1605 2677 1759 2746 spolierque
1771 2677 1880 2738 relictis,
1943 2691 1988 2739 i9o

1210 2761 1263 2796 000
1276 2751 1304 2796 10
1314 2745 1442 2797 deficient
1452 2751 1563 2796 nostrae
1574 2759 1724 2795 memorare
1737 2743 1881 2795 Camenae.

1210 2825 1260 2861 nec
1271 2809 1358 2860 solum
1371 2810 1421 2861 tihi
1435 2809 1517 2861 Plerii
1529 2808 1688 2861 tribuentur
1698 2807 1829 2859 honoreac

1211 2891 1258 2940 pro
1270 2879 1297 2925 te
1309 2874 1353 2925 uel
1366 2875 1475 2940 rapidas
1486 2873 1577 2926 sueini
1589 2873 1673 2924 maris
1684 2872 1723 2924 Ire
1735 2887 1783 2938 per
1793 2871 1891 2932 undae,

1209 2939 1333 2990 aduersis
1344 2938 1458 2991 hiberna
1469 2939 1534 2990 licet
1545 2943 1671 2990 tumeant
1683 2937 1755 2989 Ireta
1765 2936 1857 2988 uentis
1869 2955 1876 2996 3

1210 3003 1353 3070 proteuel
1364 3003 1456 3056 densis
1467 3003 1542 3055 solus
1553 3003 1702 3054 subsistere
1713 3001 1811 3052 tnmris
1944 3013 1989 3063 095

1210 3068 1254 3120 nel
1267 3084 1382 3134 paruum
1394 3069 1536 3120 Aetnaeae
1547 3083 1644 3134 corpus
1655 3066 1826 3118 committere
1837 3064 1970 3116 tlammae.

1210 3149 1270 3183 sum
1283 3133 1482 3200 quidcumque,
1493 3139 1573 3184 tanin
1585 3137 1635 3183 est.
1662 3131 1748 3183 nostri
1760 3129 1784 3181 si
1797 3129 1914 3196 parmda
1924 3143 1990 3180 eura

1211 3198 1248 3248 sit
1260 3197 1319 3258 tihi,
1333 3197 1528 3264 quantalibet,
1542 3197 1565 3248 si
1578 3197 1615 3248 sit
1628 3195 1717 3256 niodo,
1731 3211 1784 3246 non
1797 3194 1864 3245 milii
1876 3209 1959 3260 regna

1212 3262 1307 3327 Lydia,
1321 3279 1375 3314 non
1388 3263 1480 3328 magni
1492 3261 1630 3329 0011οο011
1641 3261 1716 3312 lama
1727 3259 1849 3326 Gylippi,

1211 3344 1288 3392 posim
1301 3327 1434 3379 lllcleteas
1445 3344 1494 3379 nec
1505 3325 1616 3378 mallem
1629 3325 1739 3376 uincere
1749 3325 1866 3376 chartas.

1211 3393 1283 3458 quod
1296 3392 1347 3443 tibi
1359 3393 1381 3444 si
1393 3408 1489 3444 nemus
1502 3397 1602 3450 000100,
1617 3395 1728 3442 totusue
1741 3389 1875 3447 minusue,

1212 3456 1257 3508 uel
1270 3457 1338 3508 bene
1349 3457 1386 3508 sit
1398 3461 1488 3516 notus,
1502 3471 1610 3506 aninmo
1621 3455 1665 3506 uel
1679 3455 1781 3506 inerret
1792 3453 1819 3504 in
1832 3469 1886 3512 ore,

1211 3521 1288 3573 nulla
1300 3521 1368 3572 milii
1379 3525 1504 3573 statuent
1517 3521 1598 3571 tinein
1611 3525 1638 3571 te
1650 3518 1710 3570 1010
1720 3517 1843 3570 canendi.

1210 3587 1277 3653 quin
1290 3586 1374 3638 etiam
1386 3601 1449 3638 mea
1459 3593 1525 3638 tunc
1537 3584 1663 3636 tumulus
1675 3599 1737 3635 eum
1750 3582 1850 3635 texerit
1862 3597 1931 3642 ossa,

1210 3667 1258 3702 seu
1270 3657 1380 3702 matura
1391 3650 1449 3702 dics
1460 3651 1574 3702 celerem
1587 3653 1714 3715 properat
1725 3647 1792 3699 milii
1804 3652 1926 3706 inertem,
1945 3661 1992 3712 ²05

1212 3715 1293 3782 longa
1304 3721 1398 3766 manet
1410 3731 1457 3767 000
1470 3715 1539 3774 ulta,
1554 3721 1657 3774 tamen,
1671 3718 1781 3764 mutata
1793 3713 1880 3774 ligura

1211 3797 1258 3832 seu
1271 3795 1314 3832 ine
1327 3781 1412 3844 linget
1423 3795 1524 3846 equum
1538 3777 1638 3842 rigidos
1650 3791 1804 3843 percurrere
1815 3791 1924 3842 campos

1212 3845 1331 3906 eloctum,
1344 3861 1393 3896 seu
1406 3843 1477 3896 tardi
1490 3844 1593 3908 0000010
1605 3842 1655 3892 sim
1668 3841 1756 3907 gloria
1768 3847 1864 3891 taurus

1211 3910 1297 3962 siuee
1343 3924 1390 3976 per
1402 3907 1536 3976 liquidnm
1550 3907 1670 3960 uolucris
1682 3905 1769 3958 uehar
1779 3921 1843 3956 aera
1855 3905 1959 3980 pennis,

1211 3990 1285 4050 quan
1306 3989 1439 4040 ecumque
1450 3971 1587 4024 hominem
1600 3986 1643 4022 me
1655 3971 1738 4037 longa
1748 3975 1879 4035 receperit
1890 3976 1975 4028 aetas,

1213 4039 1328 4107 inceptis
1339 4039 1373 4090 de
1384 4043 1412 4091 tc
1424 4038 1571 4090 subtexam
1583 4035 1707 4089 carmina
1717 4034 1828 4088 chartis.
1946 4049 1990 4086 ari

1942 3337 1991 3374 200

1505 4242 1579 4295 VIII
1614 4241 1666 4304 (IV
1679 4245 1705 4304 2)

1215 4357 1338 4426 Sulpicia
1349 4361 1391 4410 est
1403 4357 1454 4410 tibi
1465 4357 1542 4409 culta
1553 4355 1618 4416 1010,
1633 4355 1710 4407 Mais
1721 4369 1829 4418 magne,
1842 4351 1967 4404 kalendis
1977 4371 1984 4413 ;

1248 4427 1400 4500 spectatum
1413 4439 1428 4474 e
1439 4422 1523 4482 caelo,
1537 4421 1560 4472 si
1573 4419 1678 4496 00010,ιί
1713 4419 1810 4472 eueni.

1216 4488 1877 4624 ¹¹⁰30llli²illiiiil,ltl¹ilit{haim

1216 4618 1290 4670 illins
1302 4635 1335 4669 ex
1348 4617 1443 4679 oculis,
1457 4633 1518 4668 cuni
1531 4615 1595 4667 uult
1606 4629 1720 4666 exurere
1732 4613 1821 4671 (linos,
1981 4623 1994 4674 5

1217 4749 1223 4759 Ι
1247 4681 1372 4759 accendit
1384 4681 1507 4758 geminas
1519 4679 1661 4746 lampadas
1673 4694 1735 4754 acer
1747 4679 1839 4753 itiner.
1862 4739 1884 4791 't

1215 4746 1892 4883 'Uilli‘¹liqdlihffllidllllldlllihhf'm’

1215 4893 1264 4930 sen
1274 4893 1306 4929 ao
1317 4877 1360 4928 uit
1370 4875 1468 4939 crines,
1481 4874 1551 4927 lusis
1562 4873 1642 4927 decet
1653 4888 1713 4926 esse
1725 4870 1847 4940 capillis:

445 5054 491 5100 vn
506 5055 607 5100 880001.
627 5066 726 5110 prosam
743 5049 877 5098 Francken.
911 5048 941 5093 11
961 5047 1099 5094 00010ιά000
1119 5046 1175 5100 ΟΡ,
1197 5059 1257 5092 corr.
1283 5043 1374 5091 Christ
1399 5041 1507 5089 (husius
1543 5053 1645 5086 caraem
1666 5052 1735 5086 coare
1755 5051 1845 5096 pyram
1862 5036 1994 5084 Francken.

387 5115 418 5160 18
433 5116 533 5160 amicat
544 5113 571 5159 P.
599 5113 644 5156 108
654 5126 694 5158 ren
707 5113 818 5157 iunctam
829 5110 858 5166 Ο,
871 5121 912 5156 scir
923 5109 1034 5153 alnetum
1045 5107 1072 5162 P,
1085 5119 1144 5152 corr.
1157 5104 1298 5151 Sahnssius.
1332 5103 1376 5146 109
1393 5115 1488 5148 cemma
1503 5114 1552 5146 non
1568 5103 1626 5203 post
1635 5099 1785 5145 Pannonias
1800 5096 1843 5143 sed
1853 5099 1909 5155 post
1924 5097 1998 5153 Alpes

419 5171 541 5220 nantalii.
578 5171 624 5215 110
643 5185 721 5216 amnti
741 5170 770 5215 0.
799 5170 853 5212 iit·
873 5173 983 5225 tempora
1002 5165 1073 5220 Voss,
1093 5165 1188 5211 0000010
1206 5164 1235 5210 0.
1274 5163 1376 5216 011000,
1384 5159 1470 5216 samec
1483 5159 1512 5206 Ο.
1540 5160 1569 5204 11

1602 5163 1733 5205 mouerat
1751 5155 1948 5212 (maneti)
1966 5155 1995 5201 Ο.

404 5230 565 5278 10001000.
598 5230 643 5274 186
659 5243 708 5275 aon
726 5244 749 5283 τ,
766 5242 831 5273 niinr
849 5227 877 5274 0.
904 5231 961 5272 sant
977 5225 1006 5280 Ο,
1025 5229 1095 5270 crant
1110 5223 1257 5270 Lachmann.
1290 5217 1478 5266 iuteresse.
1511 5215 1776 5274 1100οω000101110.
1809 5215 1853 5258 141
1864 5213 1962 5270 Gyndes
1972 5229 1996 5268 ·.·,

388 5292 482 5348 cydnus
496 5289 552 5336 OF.
585 5289 629 5332 iia
644 5293 697 5333 aret
713 5287 862 5341 lachmann,
881 5287 990 5331 Arcctcr's
1005 5282 1118 5340 Scaliger,
1136 5282 1206 5327 ardet
1221 5281 1326 5327 anstais
1341 5279 1368 5332 F,
1381 5279 1466 5324 ereteis
1480 5277 1551 5322 ardet
1567 5277 1596 5323 0.
1629 5281 1674 5322 001
1684 5275 1756 5321 anda
1762 5273 1904 5331 perhospt'tc
1915 5271 1943 5328 F,
1954 5277 1998 5340 apt

389 5351 459 5397 arida
476 5349 578 5396 caristia
594 5347 624 5402 O,
637 5360 697 5392 corr.
717 5345 841 5391 Heinsius.
875 5344 1088 5400 1181000000.
1121 5341 1172 5396 145,
1185 5340 1229 5384 ist
1243 5341 1300 5398 post
1313 5337 1428 5384 Padaeus
1438 5335 1516 5392 colon,
1529 5339 1585 5394 post
1600 5335 1723 5392 Maephen
1737 5331 1996 5390 oommapeniintaln.

392 5411 435 5455 187
447 5409 544 5466 atrlqiic
555 5407 584 5453 0.
618 5406 662 5450 188
672 5409 743 5462 nepot
754 5405 783 5450 0.
816 5401 1071 5455 17800001000111000.
1104 5401 1149 5443 1¹14
1158 5399 1280 5454 0000001101
1291 5397 1319 5443 Ο.
1352 5396 1397 5440 171
1406 5399 1502 5453 postera
1514 5394 1543 5448 0,
1556 5396 1631 5440 ierint
1643 5393 1670 5448 F,
1682 5394 1771 5438 sierint
1782 5390 1929 5436 Lachmann.
1956 5404 1999 5446 prr

391 5470 470 5514 claros
487 5468 562 5513 i'cri'rit
579 5463 692 5520 Scaliger.
725 5463 770 5506 isa
780 5466 902 5506 anteactos
914 5461 942 5518 F,
954 5463 1044 5505 acclina
1055 5459 1084 5504 Ο.
1117 5456 1309 5504 laurenciaco.
1341 5455 1509 5500 1030010001
1521 5453 1549 5498 0.
1582 5453 1627 5496 110
1637 5452 1831 5509 quandocunque
1842 5449 1869 5504 F,
1881 5453 1909 5495 r'a
1938 5463 1998 5494 nini-

390 5541 483 5586 euaqac
494 5526 524 5583 Ο,
537 5530 589 5572 tam
599 5536 765 5584 quoincanqnc
776 5521 911 5568 Housman.
955 5518 1013 5562 vni
1027 5516 1073 5562 x11
1089 5517 1212 5564 Baehrens
1222 5515 1264 5563 alii
1274 5529 1289 5562 a
1299 5513 1396 5560 Tibullo
1406 5513 1616 5568 aliiudleaueinnt,
1630 5509 1698 5558 haud
1708 5513 1773 5557 recte
1783 5513 1813 5555 ιι1
1823 5507 1883 5554 inihi
1891 5463 1997 5556 uldetiii.
