4724 6374
799 467 832 522 P.
859 469 972 522 ot'liir
991 471 1158 526 NASONIS
1181 473 1365 530 TJtJSTIVir
1385 476 1460 530 ΗΒ,
1488 479 1502 530 1
1510 479 1532 530 V
1925 483 1970 531 551

360 631 412 684 scit
423 649 539 701 qnoque,
554 650 615 687 cum
629 635 704 703 perii,
718 635 780 704 quis
793 652 835 688 mo
847 635 983 704 deceperit
996 653 1074 698 error,

394 703 423 748 et
434 697 477 750 cul
516 715 541 750 in
554 699 582 752 in
595 700 677 761 facto,
691 717 746 753 uon
757 701 854 763 scelus,
869 719 927 753 esse
939 719 1008 764 ineo,

359 761 463 815 scilieet
493 779 524 816 oc
535 766 594 840 ipso
603 781 675 817 nunc
686 781 783 833 aequa,
797 767 869 834 quod
883 767 972 819 obfuit
984 778 1057 829 aute,
1109 781 1138 836 25

392 842 454 878 cum
466 844 571 880 mecum
584 832 670 882 iuncti
682 831 803 882 criminis
815 839 879 883 acta
890 848 936 884 rea
948 840 997 883 est.

359 905 414 942 non
426 893 551 968 equidem
563 893 672 956 uellem,
686 896 816 966 quoniam
829 897 954 949 nocitura
965 897 1085 959 fuerunt,

393 956 531 1009 Pieridum
543 959 626 1010 sacris
638 960 789 1025 inposuisse
800 976 921 1012 manuni.

359 1019 406 1072 sed
418 1037 490 1074 uunc
501 1023 567 1089 quid
580 1023 699 1075 faciani!
716 1025 759 1074 uis
771 1039 814 1075 iiie
826 1031 903 1076 tenet
914 1026 974 1091 ipsa
985 1041 1129 1086 sacrorum,

391 1089 421 1136 et
431 1101 548 1146 camien,
561 1087 681 1148 deniens,
694 1089 813 1139 carmine
826 1088 916 1140 laesus
927 1107 997 1141 aino.
1109 1104 1141 1155 30

360 1149 398 1200 sic
410 1165 482 1202 noua
494 1151 622 1203 Dulichio
634 1152 705 1203 louis
716 1159 829 1218 gustata
842 1153 935 1220 palato

392 1213 440 1265 illo
451 1231 505 1281 quo
516 1216 610 1267 nocuit
621 1223 701 1282 grata
712 1233 743 1267 sa
755 1233 808 1269 iore
819 1217 881 1269 fuit.

359 1277 444 1330 sentit
455 1294 551 1330 amans
563 1295 613 1331 sua
625 1281 726 1332 damna
736 1233 801 1341 fere,
815 1287 908 1334 tamen
921 1282 1015 1336 haeret
1027 1284 1054 1336 in
1067 1283 1129 1348 illia,

391 1343 534 1395 materiam
546 1343 642 1410 culpae
653 1345 878 1413 persequiturque
889 1363 963 1400 suae.

359 1423 407 1458 nos
419 1423 527 1474 quoquc
538 1407 686 1471 delectant,
700 1411 828 1476 quamuis
839 1427 962 1472 nocuere.
976 1412 1071 1476 libelli,
1107 1428 1137 1481 35

391 1471 518 1538 qnodque
529 1472 596 1524 milii
609 1472 695 1525 tclurn
708 1473 824 1526 uulnera
835 1475 908 1537 fecit,
923 1494 992 1529 anio.

360 1533 472 1588 forsitan
486 1536 536 1588 lioc
547 1537 669 1589 studium
731 1539 768 1591 sit
779 1540 853 1592 furor
864 1557 923 1593 esec
936 1542 1031 1604 uideri,

391 1601 437 1652 sed
450 1600 581 1668 quiddam
593 1601 669 1654 furor
700 1604 724 1656 ic
735 1603 868 1656 utilitatis
880 1605 971 1658 liabet.

358 1679 463 1730 semper
471 1666 499 1717 in
511 1671 612 1733 optutu
623 1674 741 1720 mentem
754 1676 833 1721 uetat
844 1685 902 1722 esse
914 1671 1057 1736 malorum,

390 1730 540 1796 praesentis
551 1747 630 1783 casus
641 1733 871 1800 inmemoremque
882 1733 956 1786 facit.
1105 1753 1139 1802 40

358 1799 443 1909 utque
453 1809 533 1846 suurn
546 1795 652 1848 Bacche
663 1812 717 1849 nou
728 1798 814 1850 sentit
825 1799 919 1851 saucia
930 1799 1039 1864 uulnus,

409 1875 455 1910 um
467 1865 561 1926 stupet
573 1859 664 1912 Idaeis
674 1861 819 1915 exululata
829 1863 925 1924 modis,

358 1922 397 1974 sie
408 1923 456 1975 ubi
467 1933 543 1976 mota
553 1924 645 1978 calent
656 1926 738 1978 uiridi
749 1943 811 1979 mea
822 1937 933 1994 pectora
944 1928 1047 1996 thyrso,

390 1987 471 2041 altior
481 1988 602 2042 humano
613 1991 725 2057 spiritur
736 1991 784 2044 ille
795 1992 869 2044 malo
879 1998 928 2044 est.

357 2051 404 2128 ille
415 2069 465 2106 nec
475 2054 599 2117 exilium,
613 2055 734 2122 Scythici
747 2073 797 2108 nec
808 2055 891 2110 litora
905 2057 994 2121 l'onti,
1105 2073 1137 2126 45

389 2117 436 2170 ille
447 2134 497 2170 nec
507 2119 591 2171 iratos
603 2121 688 2172 sentit
699 2120 799 2174 hahere
810 2121 882 2175 deos.

357 2189 444 2249 utque
455 2183 619 2250 soporiferae
630 2184 750 2238 biberem
762 2187 786 2238 si
798 2188 896 2254 pocula
908 2189 1016 2253 Lethes,

391 2249 518 2314 temporis
529 2248 638 2302 aduersi
649 2249 688 2302 sic
697 2250 764 2303 milii
776 2267 872 2304 sensus
883 2254 969 2306 abest

357 2311 415 2364 iure
426 2312 492 2364 deas
502 2313 587 2379 igitur
598 2331 713 2367 ueneror
725 2315 799 2368 mala
811 2325 906 2370 nostra
917 2319 1050 2382 leuautcs,

389 2375 522 2430 sollicites
533 2379 646 2431 comites
658 2396 692 2432 ex
705 2379 940 2448 Heliconefugae,
1107 2399 1138 2451 50

356 2445 385 2493 et
396 2442 495 2508 partim
507 2443 604 2510 pelago
615 2445 715 2510 partim
726 2446 845 2512 uestigia
855 2453 930 2500 terra

388 2506 433 2558 uel
445 2513 503 2559 rats
514 2507 641 2574 dignatas
652 2509 696 2562 uel
762 2526 777 2562 e
789 2518 883 2564 nostra
893 2515 979 2581 sequi.

356 2570 525 2638 sint,precor,
534 2573 600 2625 liaeo
607 2573 706 2626 saltem
722 2575 805 2628 aciles
813 2577 880 2628 milii
889 2585 895 2630 t
904 2578 1136 2646 naniquedcorum

388 2641 478 2688 cetera
489 2653 550 2689 cuin
563 2653 662 2716 magno
673 2639 789 2692 Caesare
800 2641 882 2694 turba
892 2642 968 2704 iacit,

355 2715 453 2766 meque
464 2706 507 2753 tot
518 2701 640 2754 aduersis
651 2703 802 2768 cumulant,
812 2711 880 2774 quot
892 2707 958 2760 litus
970 2707 1092 2773 harenas,
1107 2722 1138 2776 55

388 2770 509 2842 quotque
520 2766 621 2820 fretum
633 2767 728 2834 pisces,
741 2785 849 2837 ouaque
860 2772 941 2838 piscis
953 2772 1043 2825 habet.

356 2845 419 2882 uere
431 2847 506 2896 prius
517 2830 605 2893 flores,
618 2838 697 2886 aestu
709 2835 865 2887 numerabis
876 2837 984 2896 aristas.

388 2911 468 2961 poma
480 2911 527 2962 per
537 2902 701 2950 autumnum
713 2897 913 2967 frigoribusque
925 2901 1011 2961 niues,

356 2960 1032 3096 ‘ttdltlttttxttttititttttt⁰¹¹*
1105 3035 1138 3084 ι,

356 3105 404 3139 nec
417 3095 517 3151 tamen,
531 3095 563 3142 ut
575 3091 647 3152 ueni,
661 3091 748 3144 leuior
758 3092 870 3146 fortuna
882 3093 1014 3146 malornm
1027 3101 1086 3148 eet:

390 3153 441 3204 linc
452 3171 559 3220 quoqne
570 3162 636 3207 sunt
647 3163 753 3209 nostras
765 3156 826 3210 fata
837 3165 932 3211 secuta
944 3160 1004 3210 nias
1015 3180 1021 3211 r

356 3216 399 3268 liic
410 3235 517 3285 qnoque
529 3235 659 3286 cognosco
670 3222 772 3275 natalis
784 3224 905 3275 stamina
916 3224 1010 3287 nostri,

387 3282 506 3334 stamina
516 3283 550 3336 de
562 3284 639 3361 nigro
650 3285 751 3338 uellere
762 3287 838 3340 facta
848 3287 923 3340 milii.

355 3352 440 3413 utque
452 3364 540 3415 neque
551 3349 665 3402 insidias
675 3367 708 3402 ca
727 3352 828 3419 itiaque
839 3353 961 3418 pericula
972 3370 1086 3418 narrem,
1104 3358 1136 3420 65

387 3427 452 3463 uera
463 3413 582 3480 quidem.
595 3415 655 3467 ueri
666 3433 679 3467 s
725 3418 852 3482 grauiora
863 3417 924 3479 fide,

355 3475 448 3592 uirilqre
459 3493 542 3556 quam
554 3479 681 3596 ιιιίεὲιιιιιιι
693 3487 735 3534 est
746 3482 818 3558 inter
829 3482 980 3598 Βεῗιιιῖιμιιι
992 3483 1128 3551 fictasque

387 3557 474 3604 ium,
506 3559 536 3595 ui
631 3561 707 3597 iseni
744 3562 855 3600 rinore
880 3563 928 3598 ni.

355 3621 436 3672 quani
449 3559 631 3662 mpssmffl„
642 3561 820 3677 pertepfiitmn
832 3627 964 3680 muroque
976 3613 1056 3676 trieri,

387 3670 488 3738 uixque
499 3673 542 3724 sui
555 3678 648 3726 tutum
660 3675 765 3727 uiribus
776 3691 835 3728 esse
847 3675 906 3728 loci.
1106 3691 1137 3741 70

354 3750 450 3800 aspera
460 3737 577 3791 militiae
588 3739 696 3791 iuuenis
708 3740 858 3792 certamina
868 3741 936 3805 fugi,

387 3816 434 3852 nec
448 3801 500 3853 nisi
512 3801 607 3855 lusura
618 3804 754 3856 mouimus
765 3820 843 3857 anna
853 3821 937 3858 mann
948 3825 955 3864 t

354 3880 425 3916 nune
440 3867 529 3918 senior
540 3867 686 3935 gladioque
698 3869 771 3921 latus
783 3876 915 3936 scutoque
926 3870 1074 3932 sinistram,

386 3931 512 3983 canitiem
525 3932 621 3996 galeae
631 3933 789 4001 subicioque
801 3951 897 3986 meam.

353 4010 416 4046 nain
429 3995 504 4048 dedit
515 3997 650 4064 especula
660 4004 751 4050 eustos
762 3999 810 4051 uhi
822 4000 901 4064 signa
912 3999 1058 4063 tumultus,
1105 4013 1134 4066 75

387 4059 526 4113 induimus
538 4063 645 4128 trepida
655 4064 779 4140 protinus
791 4079 868 4115 arma
880 4080 971 4114 manu.

354 4123 439 4176 hostis
450 4125 553 4178 habens
564 4143 643 4179 arcus
653 4128 805 4194 mbutaque
816 4128 873 4180 tela
883 4129 997 4180 uenenis

386 4205 484 4241 saeuus
496 4191 637 4243 anhelanti
648 4193 757 4245 moenia
768 4193 870 4244 lustrat
881 4207 952 4259 equo
964 4212 970 4254 ;

353 4257 438 4319 utque
450 4271 535 4322 rapax
547 4256 686 4322 pecudem,
700 4273 772 4324 quae
782 4273 812 4308 se
823 4273 877 4308 non
890 4257 962 4309 texit
972 4257 1047 4318 ouili,

386 4335 433 4384 per
444 4326 506 4371 sata
517 4336 564 4387 per
575 4321 660 4372 siluas
671 4321 779 4388 fertque
790 4321 932 4389 trahitque
944 4322 1024 4388 lupus
1036 4343 1042 4373 i
1104 4325 1136 4375 So

352 4383 518 4500 titillat
527 4385 898 4518 ttil'tttt‘lttttl:
910 4393 1047 4502 Ἧι

899 4489 905 4512 ,
987 4491 989 4496 .
1015 4489 1020 4501 .

353 4517 403 4564 aut
414 4513 537 4580 seqnitur
548 4521 646 4582 captus
657 4467 834 4582 confectaque
845 4515 958 4567 ulneula
968 4515 1037 4567 collo

384 4577 491 4644 accipit,
506 4585 556 4630 aut
567 4580 623 4630 telo
634 4579 710 4631 uirus
722 4579 840 4632 habente
886 4580 930 4632 rit.

352 4640 396 4693 hic
407 4658 457 4707 ego
468 4641 602 4696 sollicitae
613 4644 687 4696 lateo
698 4659 786 4696 nouus
797 4645 859 4697 iiico
869 4661 887 4696 a
897 4644 978 4706 sedis,
1102 4647 1133 4712 85

385 4707 437 4758 heu
450 4707 565 4760 nimium
576 4708 628 4760 fati
640 4715 763 4774 tempora
774 4709 856 4776 longa
867 4709 921 4761 mei
934 4715 939 4760 l

352 4775 484 4823 ettamen
496 4771 530 4822 ad
543 4788 670 4825 numeros
681 4774 851 4840 antiquaque
863 4789 941 4826 saera
952 4773 1052 4826 reuerti

384 4836 501 4888 sustinet
513 4836 541 4888 in
553 4837 640 4890 tantis
652 4837 761 4904 hospita
771 4838 854 4889 Musa
864 4838 952 4890 malis.

351 4901 399 4954 sed
411 4917 498 4967 neque
513 4902 557 4978 cul
574 4903 685 4954 recitem
703 4903 850 4970 quisquam
867 4908 910 4955 est
928 4918 989 4955 mea
1003 4902 1130 4966 carmina,

448 4981 498 5018 nec
527 4983 557 5018 ai

384 5031 494 5082 auribus
505 4983 561 5083 ffcci
581 5031 621 5084 iat
633 5031 718 5084 uerba
729 5031 831 5084 Latina
841 5031 906 5084 suis.
1099 5047 1133 5097 90

350 5048 954 5228 mau‘rriieiittuttiiai
965 5095 1087 5164 true

1195 656 1275 706 saepe
1287 645 1379 694 tamen
1392 641 1450 694 dixi
1464 643 1525 696 ‘cui
1538 660 1610 696 nune
1623 644 1690 697 liaec
1701 661 1767 698 cara
1777 645 1901 698 laborati

1226 721 1261 756 an
1274 721 1335 758 iuea
1346 707 1526 760 Sauromatae
1537 709 1641 776 script-a
1651 711 1792 778 Getaeque
1803 710 1926 776 legentt'

1192 785 1273 836 saepe
1284 771 1367 823 etiarn
1380 771 1508 825 lacrimae
1519 789 1563 825 ms
1573 780 1640 826 sunt
1651 775 1786 828 scribente
1797 775 1930 842 profusae,
1943 787 1975 841 95

1225 834 1373 902 umidaque
1384 842 1428 890 est
1439 838 1506 890 fletu
1518 837 1613 890 littera
1623 838 1699 890 facta
1709 855 1778 900 nico,

1191 914 1291 965 corque
1302 907 1415 953 uetusta
1424 917 1516 955 meum
1528 911 1671 969 tamquam
1683 919 1757 954 noua
1765 903 1879 956 uulnera
1887 903 1973 966 nouit,

1224 963 1307 1031 inque
1319 965 1409 1018 sinum
1421 974 1544 1020 maestae
1555 966 1659 1019 labitur
1669 967 1756 1020 imber
1768 983 1863 1034 aquae.

1192 1043 1253 1080 cuni
1266 1029 1325 1082 uice
1337 1037 1445 1084 mutata
1456 1031 1505 1098 qui
1516 1031 1568 1083 sini
1580 1031 1734 1099 fuerimque
1746 1031 1876 1093 recordor,

1224 1101 1253 1145 et
1264 1093 1360 1146 tulerit
1372 1111 1426 1162 quo
1437 1112 1481 1148 me
1492 1111 1572 1148 cesus
1583 1103 1612 1148 et
1623 1097 1697 1150 unde
1708 1096 1783 1148 subit
1794 1116 1801 1155 i
1929 1111 1975 1150 roo

1191 1173 1271 1223 saepe
1282 1175 1380 1212 uranus
1391 1160 1512 1222 demens,
1526 1161 1626 1214 studiis
1638 1162 1710 1214 irata
1720 1161 1835 1228 sibique,

1223 1222 1299 1275 irrisit
1310 1223 1338 1275 in
1350 1240 1459 1277 arsuros
1470 1226 1594 1278 carmina
1604 1233 1699 1278 nostra
1710 1243 1795 1293 rogos.

1191 1291 1275 1352 atque
1282 1287 1384 1350 eaden,
1394 1290 1512 1342 smaltis
1520 1291 1650 1356 quoniam
1659 1306 1713 1342 non
1721 1291 1810 1344 multa
1818 1293 1972 1357 supersunt,

1223 1366 1285 1402 cum
1297 1351 1379 1404 uenia
1390 1353 1483 1415 facito,
1497 1354 1622 1428 quisquis
1634 1370 1672 1416 es,
1685 1355 1740 1407 ieta
1753 1355 1833 1420 legas.

1191 1419 1221 1466 tu
1244 1431 1353 1482 quoque
1375 1433 1429 1469 non
1452 1417 1551 1470 melius
1573 1433 1657 1486 quam
1679 1427 1745 1472 sunt
1769 1437 1831 1472 inca
1852 1429 1974 1487 tempora

1288 1495 1405 1542 camisii,
1927 1496 1971 1550 105

1223 1543 1369 1598 interdicta
1380 1545 1456 1608 milii,
1470 1547 1590 1611 consule,
1604 1547 1703 1614 Roma
1716 1547 1787 1602 boni.

1566 1753 1596 1806 11

1191 1865 1250 1918 lam
1262 1863 1321 1918 fera
1332 1865 1495 1920 Gaesanhus
1506 1867 1663 1930 Ceraunia,
1677 1871 1754 1921 totus
1765 1873 1798 1920 ut
1809 1866 1889 1930 orbis.

1223 1930 1299 1983 uicta
1310 1937 1400 1998 potest
1411 1931 1482 1986 flexo
1493 1932 1669 1985 succubuisse
1680 1948 1761 1999 genu,

1190 1993 1302 2062 altaque
1316 1996 1442 2050 celentur
1454 1997 1570 2050 fort-asse
1583 1997 1694 2050 Palatia
1704 1998 1792 2058 sertis,

1222 2065 1322 2114 turone
1333 2061 1361 2114 in
1373 2061 1437 2129 igne
1448 2069 1548 2114 sonent
1557 2062 1737 2130 inficiantque
1748 2062 1829 2122 diem,

1190 2124 1361 2192 candidaque
1372 2125 1494 2179 adducta
1503 2126 1604 2180 collum
1616 2143 1744 2194 percussa
1754 2126 1840 2180 securi
1957 2137 1972 2192 5

1223 2189 1338 2242 uictima
1348 2207 1483 2258 purpureo
1493 2193 1627 2258 sauguine
1638 2191 1730 2258 pulset
1740 2191 1863 2251 humum,

1190 2251 1316 2370 dfflue
1327 2256 1475 2308 amicorum
1488 2257 1598 2323 templis
1609 2256 1743 2324 promissa
1753 2255 1863 2308 deorum

1269 2383 1275 2395 Ι
1289 2335 1334 2371 ere
1346 2320 1463 2396 uictores
1474 2321 1576 2373 Caesar
1586 2329 1702 2398 uterque
1713 2327 1817 2388 pareat,

1189 2387 1218 2435 et
1229 2398 1277 2449 qui
1289 2384 1422 2437 Caesareo
1432 2400 1547 2438 iuuenes
1558 2385 1610 2437 sub
1621 2401 1730 2438 nomine
1741 2391 1873 2446 creseunt,

1222 2455 1354 2514 perpetuo
1364 2455 1451 2502 terras
1462 2455 1496 2502 ut
1506 2449 1604 2502 domus
1615 2449 1665 2502 illa
1722 2455 1760 2511 at,
1943 2463 1973 2502 ro

1190 2527 1307 2579 cumque
1319 2512 1396 2565 bonis
1408 2513 1521 2566 nuribus
1533 2529 1581 2580 pro
1592 2513 1695 2581 sospite
1729 2514 1788 2590 iuis
1797 2521 1864 2566 nato

1222 2591 1337 2652 munera
1347 2577 1395 2631 det
1405 2578 1511 2631 meritis
1522 2593 1603 2656 saepe
1614 2577 1791 2656 datura-deis,

1189 2645 1760 2784 “,tmttttttttlaitttttt
1771 2647 1859 2694 ιιι

1190 2767 1266 2835 plebs
1277 2786 1323 2836 pia
1334 2787 1450 2850 cunique
1461 2787 1508 2838 pia
1518 2771 1638 2824 laetetur
1649 2771 1728 2839 plebe
1738 2775 1859 2834 senatus,
1943 2787 1952 2824 ι
1958 2784 1971 2838 5

1223 2849 1363 2902 palmique
1373 2851 1452 2888 Ollius
1463 2851 1537 2890 eram
1549 2851 1612 2903 pm
1623 2852 1674 2912 930
1685 2851 1872 2953 nffirfffil'llerfllt.

1875 2938 1882 2963 r

1190 2899 1743 3042 nofsapnrqeqqleqqqqthngoqioqqiqqqggim
1753 2965 1836 3041 uenit.

1190 3043 1253 3093 ergo
1265 3043 1352 3080 omnis
1364 3029 1480 3095 populus
1491 3035 1592 3096 poterit
1602 3035 1725 3106 spectare
1737 3028 1896 3096 triumphos,

1222 3107 1338 3160 cumque
1350 3093 1450 3146 dacum
1463 3094 1554 3146 titulis
1564 3093 1666 3162 oppida
1676 3100 1759 3162 capta
1769 3094 1850 3162 leget,
1939 3109 1972 3147 20

1190 3155 1335 3224 uinclaque
1346 3158 1459 3224 captiua
1469 3173 1547 3224 reges
1557 3159 1663 3211 ceruice
1673 3164 1799 3226 gerentes

1221 3227 1286 3273 ante
1297 3229 1439 3275 coronatos
1449 3223 1489 3275 ire
1501 3223 1607 3275 uidebit
1617 3239 1711 3290 equos,

1189 3287 1428 3404 ttdtitlt
1439 3287 1501 3403 ιιι
1513 3293 1806 3405 ιιιιιὲιιω

1406 3369 1430 3404 is
1451 3369 1514 3405 nme

1188 3430 1303 3482 quorum
1315 3432 1378 3483 pars
1389 3433 1486 3469 causas
1497 3425 1526 3470 et
1538 3433 1580 3470 res
1591 3369 1620 3470 ef
1631 3418 1743 3470 nomina
1754 3425 1876 3485 quaeret,
1938 3429 1970 3486 25

1220 3496 1283 3556 pars
1294 3481 1401 3543 referet,
1414 3482 1542 3558 quamuis
1553 3484 1662 3534 nouerit
1673 3481 1723 3534 illa
1733 3497 1828 3549 parum
1840 3504 1846 3536 ι

1190 3547 1197 3572 ‘
1208 3543 1259 3606 liic,
1273 3545 1321 3612 qui
1333 3545 1445 3598 Sidonio
1456 3545 1544 3613 fulget
1555 3546 1681 3598 sublimis
1692 3547 1720 3599 in
1732 3551 1813 3610 ostro,

1209 3609 1277 3684 *dux
1289 3609 1380 3663 fuerat
1391 3611 1464 3672 belli,
1478 3611 1619 3678 proximus
1629 3610 1677 3688 ille
1688 3611 1759 3688 duci.
1833 3677 1839 3689 ι

1189 3673 1232 3725 liic
1243 3674 1291 3740 qui
1303 3675 1415 3727 nuncin
1427 3675 1511 3727 humo
1522 3675 1615 3727 lumen
1626 3675 1781 3729 miserabile
1793 3677 1862 3740 fini,

1221 3754 1275 3790 nori
1286 3739 1341 3791 isto
1352 3739 1443 3800 uultu,
1457 3756 1518 3792 cuni
1532 3740 1599 3792 tulit
1610 3755 1695 3800 arura,
1709 3739 1771 3792 fuit.
1938 3757 1970 3809 30

1189 3801 1235 3853 ille
1246 3803 1322 3855 ferox
1333 3809 1362 3855 et
1373 3804 1464 3856 adliuc
1475 3805 1560 3856 oculis
1571 3803 1717 3856 hostilibus
1727 3805 1825 3858 ardens

1220 3866 1345 3920 hortator
1355 3885 1463 3935 pugnae
1473 3868 1673 3935 consiliumque
1684 3869 1746 3921 fuit.

1189 3931 1306 3998 perfidus
1318 3931 1362 3985 hie
1373 3941 1479 3985 nostros
1489 3933 1601 3985 inelnsit
1613 3933 1709 3985 fraude
1721 3933 1849 3998 locorum,

1220 3996 1347 4064 squalida
1356 3998 1496 4064 promissis
1506 3998 1554 4065 qui
1565 3997 1637 4064 tegit
1647 4013 1696 4050 ora
1705 4000 1796 4050 comis.

1187 4060 1243 4120 illo,
1257 4061 1305 4129 qui
1317 4063 1449 4138 sequitur,
1463 4063 1559 4114 dicunt
1570 4067 1693 4115 mactata
1704 4063 1829 4116 ministro
1937 4079 1968 4134 35

1188 4134 1497 4268 hffifflffiffim,
1520 4127 1766 4268 igeacctfffftdagffilm
1780 4197 1822 4246 tot
1833 4209 1926 4246 amnes

1219 4255 1301 4320 plena
1310 4255 1384 4308 ferae
1395 4256 1494 4318 caedis,
1508 4257 1589 4323 plena
1600 4271 1704 4308 cruoris
1714 4263 1800 4309 erant.

1187 4318 1293 4371 Drusus
1304 4320 1333 4372 in
1345 4320 1388 4372 liis
1399 4321 1500 4373 meruit
1512 4319 1649 4389 quondam
1660 4321 1823 4388 cognomina
1833 4324 1919 4385 terris,

1219 4400 1290 4450 quae
1302 4385 1373 4436 bona
1402 4386 1534 4448 merenies,
1547 4385 1632 4451 digna
1642 4391 1765 4452 parente,
1778 4385 1840 4438 fuit.
1935 4404 1969 4452 40

1186 4448 1312 4500 cornibus
1323 4448 1368 4501 hic
1378 4400 1474 4502 fractis
1486 4449 1567 4501 uiridi
1579 4449 1651 4501 male
1662 4455 1754 4502 tectus
1764 4450 1800 4501 ab
1810 4451 1877 4502 ulua

1218 4513 1326 4565 decolor
1336 4513 1394 4580 ipse
1404 4529 1455 4566 suo
1465 4513 1599 4582 sanguine
1611 4513 1725 4566 Rhenus
1736 4519 1802 4567 erat

1185 4578 1305 4694 ιιιιι
1312 4578 1447 4694 ιιι-ιι
1454 4577 1813 4710 :sententiat

1277 4659 1334 4694 icis
1792 4683 1799 4704 ,

1185 4706 1309 4774 collaque
1320 4707 1460 4760 Romanae
1471 4707 1603 4774 praehens
1614 4707 1739 4760 animosa
1749 4708 1837 4761 securi
1933 4722 1965 4776 45

1217 4771 1329 4824 uincula
1340 4772 1394 4824 fert
1404 4773 1455 4824 illa
1466 4789 1522 4839 qua
1532 4772 1599 4824 tulit
1610 4787 1689 4824 araia
1699 4773 1802 4824 mauu'

1184 4835 1233 4888 lias
1245 4853 1325 4903 super
1336 4837 1364 4888 in
1375 4853 1465 4894 curru.
1479 4837 1588 4898 Caesar,
1602 4836 1708 4889 uictore
1719 4836 1826 4889 ueheris

1217 4917 1367 4968 purpureus
1377 4901 1470 4968 populi
1482 4903 1535 4954 rite
1546 4917 1594 4968 per
1604 4917 1654 4953 ora
1665 4901 1716 4962 tui,

1184 4965 1888 5097 ιιιιιιιιιιιιιιιιέιιιιιῗΜ’
1934 5047 1966 5098 ⁵0

1183 5095 1728 5228 “tlhl'lttttdtttltittptt
1733 5161 1739 5184 ·
1750 5112 1837 5214 ιιι.

408 5303 678 5352 lhfedr'nneti'AVr.
711 5303 848 5351 mansela
876 5303 1174 5362 &sielllaohtatucett
1184 5303 1254 5352 codd.
1285 5303 1410 5351 &modia
1431 5303 1562 5360 tuentia.
1594 5301 1961 5360 commendemens.

351 5363 464 5422 Scaliger.
502 5364 685 5411 ttbaeAVe.
725 5363 1009 5410 annuntiative.
1048 5361 1527 5418 mamaemerssmutnnnnam
1544 5360 1630 5431 ῐῚιιι.Ι
1662 5360 1959 5410 ΠαιικηοΑΗΡιῙω.

350 5423 656 5480 Πωερστ,ιαιεΓΙιιι.
688 5423 988 5476 Βῠιαισοωαοεοοειι.
1021 5421 1499 5479 ΜὶοπραῦΗΙιΡἾτΛιιιιαΑΙιιτ.
1531 5419 1764 5490 Μηστιιᾼίιντ.
1797 5420 1963 5490 mordetur

350 5481 473 5538 Postgate,
484 5497 512 5528 ea
527 5482 557 5528 de
571 5482 640 5528 codd.
673 5481 939 5528 lotr'steeoniaeeram.
1001 5479 1284 5539 urinantesve.
1317 5481 1444 5538 ttiaquat
1455 5479 1486 5527 V.
1519 5479 1550 5525 8⁴
1561 5478 1669 5537 pedico
1683 5477 1779 5525 ΑΘΗ.
1811 5479 1960 5538 filcinqet'irr

350 5540 408 5597 LV,
421 5543 549 5600 moecatur
559 5544 617 5587 cett.
