4976 6356
434 403 483 458 xvi
844 404 901 459 Ab
922 403 1129 458 LECTOREM
1149 404 1394 460 BENEVOLVM
1413 404 1632 460 PRAEFATIO

517 571 698 637 Oeoerorum
711 578 865 656 quotquot
877 573 996 636 codices
1008 574 1050 636 ed
1063 581 1169 656 portes
1183 573 1293 636 noceui
1305 571 1488 636 nominatim
1501 570 1687 632 mentionem
1700 569 1768 631 feci.
1803 575 1878 631 note
1887 596 1909 630 υ
1919 569 2045 648 multoe¹

435 671 511 730 note
531 695 550 730 e
568 687 682 748 penem
702 687 814 748 eosque
834 687 897 728 non
919 668 1017 729 bonos
1038 668 1157 729 oodioee
1177 667 1320 728 indiceni.
1361 667 1401 726 de
1421 665 1471 725 bis
1490 663 1644 742 turboque
1663 663 1804 724 codicum
1824 663 1877 725 uel
1896 683 1976 725 seno
1994 661 2046 724 nel

434 759 574 822 bonitete
593 761 747 821 minorum
768 765 840 820 ente
860 779 967 820 omnes
987 759 1193 821 consulendus
1212 765 1260 820 est
1280 759 1322 818 H.
1338 758 1369 818 S.
1385 757 1562 836 Sedlmayer
1581 755 1614 815 in
1633 755 1859 836 prolegomenis
1876 756 1992 817 criticis
2004 754 2047 817 ud

435 851 588 914 Heroides
602 852 771 914 Ouidienes
786 851 864 912 1878
877 851 1022 932 idemque
1035 852 1069 912 in
1082 851 1219 913 editione
1233 849 1406 912 Heroidum
1422 849 1511 910 1886.

517 944 649 1006 Munere
665 944 786 1015 codicis,
799 963 863 1006 non
880 945 990 1025 optimi
1003 944 1089 1005 illius
1102 945 1227 1025 quidem
1250 963 1361 1004 uerum
1381 941 1467 1003 beud
1486 941 1611 1003 omnino
1632 941 1794 1022 spernendi
1815 941 1870 1003 ubi
1883 941 2046 1002 Perisinue

435 1037 533 1107 deest,
554 1037 698 1116 fungitur
722 1037 822 1098 nereio
844 1037 962 1098 (iresca
988 1037 1119 1098 110ιὶ0ιί
1142 1036 1304 1106 Plenudis,
1327 1035 1447 1097 meculo
1474 1034 1561 1096 XIII
1587 1034 1628 1096 ed
1655 1035 1748 1096 finem
1775 1041 1925 1113 uergente
1951 1035 2043 1095 tecte.

435 1149 572 1211 nemque
592 1137 711 1192 utnon
731 1129 887 1191 edmntior
908 1129 1056 1209 Diltbeyo
1076 1131 1110 1191 in
1132 1131 1271 1210 Cydippe
1292 1149 1350 1190 sue
1369 1149 1399 1210 p.
1414 1129 1474 1190 186
1489 1128 1633 1190 scribenti
1648 1127 1843 1189 ‘Plnnudem
1863 1146 1958 1188 usum
1977 1145 2046 1190 esee

434 1221 493 1283 uili
516 1222 653 1303 quodem
676 1221 756 1283 libro
782 1221 849 1283 eius
875 1222 994 1302 generis
1021 1223 1110 1284 cuius
1137 1229 1276 1283 sesoente
1298 1241 1355 1282 nos
1378 1221 1570 1301 possidemus
1589 1221 1796 1301 exemplsrin’
1817 1220 1863 1280 ite
1883 1238 1941 1299 pro
1961 1225 2045 1282 certo

434 1314 535 1377 bebeo
552 1314 753 1396 archetypum
772 1313 862 1376 illum
883 1333 976 1396 quem
995 1315 1137 1376 uertebet
1158 1313 1314 1375 Plenudes
1334 1315 1415 1374 inter
1435 1312 1638 1374 secundumn
1658 1313 1797 1374 codicum
1817 1311 2045 1374 Ouidisnorum

434 1407 565 1470 eleseem
584 1407 809 1470 numerandum
828 1425 903 1469 esse.
943 1426 1015 1468 cum
1032 1407 1146 1467 borum
1166 1407 1258 1468 modo
1276 1407 1310 1466 bi
1329 1404 1421 1468 modo
1439 1405 1485 1466 illi
1500 1405 1534 1466 10
1550 1405 1625 1468 10010
1638 1405 1795 1486 aliquibus
1814 1425 1926 1468 uerum
1941 1424 2044 1466 serus-
2099 1421 2103 1426 ·

433 1499 547 1570 norint
560 1500 594 1562 in
607 1520 670 1562 uno
684 1500 792 1562 seltem
805 1499 871 1562 loco
884 1499 1076 1562 memorabili
1092 1499 1206 1578 (0147)
1222 1499 1379 1560 Plenudes
1392 1517 1475 1560 unus
1489 1500 1583 1563 Ouidi
1595 1503 1690 1564 uerbe
1702 1501 1842 1564 tredidit.

384 1629 390 1638 ·
516 1593 628 1656 Restet
640 1599 677 1656 ut
692 1611 791 1674 peuce
805 1592 905 1654 dicem
924 1592 964 1655 de
984 1593 1025 1656 iis
1044 1592 1188 1674 epistulis
1209 1593 1248 1654 de
1268 1592 1382 1673 quibus
1395 1591 1559 1655 dubitetur
1570 1601 1676 1656 utrum
1690 1596 1731 1656 eb
1744 1594 1859 1658 Ouidio
1871 1613 1967 1657 necne
1981 1594 2044 1657 sint

433 1686 665 1748 sbiudicendee.
714 1705 777 1748 non
796 1705 879 1748 nunc
899 1685 938 1748 de
960 1685 1025 1748 illis
1045 1686 1189 1748 uersibus
1212 1685 1322 1766 loquor
1342 1685 1450 1766 quiin
1469 1686 1557 1748 nullo
1578 1689 1659 1751 bono
1682 1689 1784 1751 codice
1804 1687 1877 1752 lecti
1900 1707 2001 1769 neque
2024 1707 2045 1750 s

433 1777 577 1842 Plsnnde
589 1777 727 1841 conuersi
740 1783 875 1840 recentes
888 1783 921 1841 et
934 1779 1033 1860 spurii
1047 1785 1130 1850 sunt,
1145 1779 1196 1840 xvi
1210 1779 1326 1840 89-114
1338 1786 1370 1840 01
1384 1778 1434 1839 ιι1
1447 1779 1569 1841 10248.

515 1871 560 1933 vt
573 1871 612 1934 de
624 1891 692 1952 epp.
707 1871 766 1941 xvi,
780 1871 852 1942 xvii,
867 1871 949 1941 xviii,
963 1871 1023 1942 ι1ι,
1038 1893 1086 1942 ιι,
1100 1872 1151 1933 xri
1164 1873 1301 1952 primum
1321 1871 1503 1934 breuissime
1523 1873 1690 1954 expedirem.
1703 1875 1763 1935 100
1779 1873 1889 1936 eedem
1903 1873 2044 1936 codicum

432 1963 618 2026 auctoritete
631 1965 850 2044 nitunturque
863 1969 980 2025 osterse
993 1971 1031 2025 ut
1043 1985 1123 2046 quee
1144 1965 1277 2026 menime
1298 1965 1448 2044 genuisse
1466 1971 1549 2027 sunt.
1590 1969 1696 2048 iteque
1708 1969 1750 2028 ed
1763 1968 1902 2048 ipserum
1915 1985 2044 2028 eremen

432 2074 483 2118 res
495 2055 578 2118 redit
587 2061 620 2118 et
633 2056 712 2118 illud
724 2057 860 2138 primum
874 2057 1079 2137 suspicionem
1092 2064 1199 2119 mouet
1212 2059 1297 2139 quod
1307 2058 1341 2118 in
1354 2057 1418 2119 illis
1428 2057 1489 2118 uiri
1499 2060 1611 2139 puellis
1622 2060 1822 2123 rescribentes
1831 2060 2043 2132 inducuntur;
2059 2054 2070 2072 ⁹

432 2149 545 2212 deinde
566 2150 706 2212 licentiee
727 2151 871 2211 metricse
891 2155 929 2211 ut
949 2170 1041 2212 uoces
1061 2151 1202 2232 plurium
1223 2150 1413 2230 syllebernm
1431 2151 1464 2210 in
1487 2151 1579 2213 finem
1599 2158 1866 2234 pentemctrornm
1889 2151 2045 2214 0110010000

435 2243 500 2321 (xri
521 2243 591 2314 290,
612 2243 674 2304 xvii
695 2243 744 2314 16,
764 2243 817 2304 ι1ι
839 2242 914 2320 202)
936 2242 1023 2304 elisio
1045 2243 1170 2325 quelem
1192 2243 1343 2324 praebent
1361 2241 1458 2304 uerbe
1476 2250 1562 2305 ‘meo
1579 2245 1735 2325 exemplo'
1756 2245 1819 2306 xvii
1837 2245 1888 2316 95,
1902 2264 1966 2325 quo
1980 2263 2043 2305 non

432 2337 535 2416 megis
561 2335 748 2400 omnnium
769 2336 802 2397 in
822 2353 896 2397 eure
916 2335 1107 2398 Iechmenni
1127 2335 1232 2397 sonuit
1256 2335 1410 2397 ‘Aetbrd'
1431 2334 1494 2394 xvii
1512 2334 1581 2404 150,
1601 2340 1632 2394 01
1659 2340 1759 2395 cetere
1776 2334 1816 2395 de
1837 2353 1949 2413 genere
1974 2333 2043 2394 boc.

432 2448 588 2510 umquem
609 2449 642 2491 se
660 2429 772 2490 herum
792 2427 995 2508 epistularum
1012 2429 1169 2508 professus
1188 2432 1237 2489 est
1255 2426 1349 2488 11000.
1398 2427 1448 2486 110
1466 2432 1570 2486 motus
1587 2426 1803 2488 Iscbmennus
1821 2426 1878 2486 100
1896 2424 2043 2506 epistolas

432 2519 474 2582 eb
488 2519 602 2582 Ouidio
615 2519 807 2582 abiudieeuit
820 2519 933 2580 ‘simul
945 2538 966 2580 0
978 2519 1084 2583 110οι0
1097 2519 1163 2589 1110,
1177 2519 1233 2599 qui
1246 2519 1318 2579 Am.
1333 2519 1370 2579 11
1384 2518 1433 2580 18.
1449 2515 1488 2580 97
1501 2523 1625 2580 tentum
1639 2539 1702 2580 non
1715 2519 1873 2598 scripsisse
1886 2517 2042 2579 Helenum

432 2621 466 2677 et
478 2615 680 2679 Ieodemiem
693 2615 815 2679 dieitur.
856 2615 945 2698 etqui
962 2612 1069 2678 Ouidii
1092 2611 1231 2694 proiecto
1251 2630 1314 2673 non
1328 2616 1419 2673 sunt:
1441 2611 1479 2674 de
1492 2611 1590 2675 eltcro
1602 2630 1651 2675 res
1663 2630 1737 2674 sene
1750 2611 1869 2674 incerte
1880 2612 1889 2639 '
1906 2610 2042 2690 (Merkel

432 2708 537 2787 Proes.
552 2729 582 2790 p.
597 2707 655 2788 xi).

514 2801 658 2882 Seppbus
670 2800 803 2882 epistule
815 2800 849 2862 in
870 2797 1100 2882 antiquioribus
1121 2797 1278 2860 oodicibus
1300 2817 1363 2860 non
1384 2796 1496 2878 legitur
1517 2817 1617 2880 neque
1634 2795 1808 2862 ePlennde
1821 2815 1971 2860 conuerso
1981 2799 2041 2860 eet.

432 2891 514 2955 inter
526 2893 643 2956 codices
657 2893 712 2975 qui
725 2913 793 2956 eom
806 2893 966 2957 continent

513 2985 541 3046 F
582 2986 675 3047 codex
688 2985 950 3048 Irenuotnrtenus
964 3004 1041 3048 esee
1057 2984 1143 3045 XIII
1156 2983 1248 3064 longe
1262 2984 1399 3065 optimus
1412 2989 1469 3056 est,

514 3077 549 3139 Η
589 3079 682 3140 codex
695 3078 880 3140 Herleienus
893 3097 969 3140 seeo.
984 3077 1046 3138 XV
1058 3076 1224 3158 proximus.
1259 3077 1393 3157 epistula
1405 3077 1477 3140 inde
1489 3078 1530 3140 eb
1542 3075 1671 3139 Heinsio
1685 3095 1783 3157 usque
1796 3075 1838 3138 sd
1851 3075 2039 3139 bien-lelium

431 3170 499 3233 loeo
521 3170 716 3252 quindecimo
735 3171 837 3252 posite
856 3191 876 3233 e
895 3169 1046 3232 Merkelio
1066 3175 1161 3249 etque
1179 3168 1340 3231 1110010110
1361 3177 1521 3250 temquem
1541 3171 1645 3251 epurie
1663 3171 1696 3231 10
1716 3169 1829 3231 eeloem
1849 3171 1963 3231 reiecte
1982 3175 2040 3232 est.

433 3263 519 3345 quod
538 3263 651 3325 nollem
671 3263 808 3338 1001οιος
828 3283 901 3324 nem
919 3263 1127 3325 certissimum
1151 3268 1207 3332 est,
1228 3267 1265 3323 ut
1289 3262 1514 3324 demonstreuit
1538 3263 1569 3324 8.
1589 3262 1627 3324 O.
1649 3261 1697 3323 De
1719 3262 1811 3324 Vries
1829 3263 1863 3322 in
1880 3261 1988 3323 libello
2005 3263 2042 3322 de

432 3356 563 3436 epicteto
583 3356 724 3436 sapphus
748 3355 858 3435 (1885)
881 3355 1047 3436 epietulem
1071 3355 1216 3435 Sapphus
1237 3375 1332 3434 quem
1351 3375 1435 3416 nunc
1453 3355 1611 3424 hebemus,
1624 3355 1659 3415 in
1678 3355 1845 3435 archetypo
1865 3354 2041 3416 Heroidum

433 3447 663 3529 quindecimum
680 3449 781 3510 locum
797 3467 967 3529 occupasse.
999 3467 1133 3527 nemque
1147 3447 1180 3508 10
1193 3449 1345 3527 excerptis
1358 3448 1506 3509 Parisinis
1522 3447 1644 3525 (17903,
1660 3446 1753 3525 7647)
1769 3467 1846 3509 0000.
1860 3447 1946 3508 XIII
1960 3466 2041 3527 queo

434 3541 585 3619 originem
599 3540 718 3602 ducunt
730 3559 768 3602 ex
781 3541 946 3620 ercbetypo
960 3539 1095 3620 quodem
1113 3539 1188 3600 noni
1208 3539 1260 3601 uel
1280 3540 1390 3601 decimi
1410 3539 1522 3600 seeculi
1534 3547 1677 3619 excerpts
1689 3559 1725 3601 er
1738 3540 1797 3602 hec
1810 3541 1945 3620 epistula
1958 3540 2042 3601 inter

433 3631 585 3712 epistulae
598 3632 677 3692 XIV
690 3637 721 3694 et
734 3632 812 3692 XVI
825 3631 982 3711 leguntur.
1021 3651 1101 3711 quse
1117 3651 1166 3692 res
1186 3637 1261 3691 note
1280 3631 1377 3692 fuisse
1397 3631 1521 3692 uidetur
1540 3631 1579 3692 D.
1593 3633 1723 3694 Heinsio
1744 3633 1799 3712 qui
1818 3634 1940 3713 primus
1957 3634 2042 3695 bunc

434 3723 537 3786 locum
553 3723 582 3785 ei
600 3723 790 3803 essignenit3
811 3743 884 3784 nem
904 3723 939 3784 in
959 3721 1047 3784 libris
1068 3741 1163 3783 menn
1184 3723 1306 3802 scriptis
1327 3727 1384 3783 eut
1404 3723 1547 3784 omnibus
1566 3725 1707 3804 epistulis
1725 3725 1903 3805 preeposite
1921 3732 1969 3786 est
1984 3731 2042 3786 eut

433 3815 607 3896 postposite
629 3821 685 3877 eut
705 3816 739 3877 in
763 3815 918 3877 codicibus
940 3814 1071 3876 eliorum
1094 3815 1279 3894 scriptorum
1302 3814 1483 3874 Ietinorum
1504 3817 1645 3876 treditur.
1696 3817 1777 3877 1000
1799 3817 1967 3896 epistolem
1992 3817 2042 3878 bis

433 3907 626 3988 temporibus
640 3907 856 3969 1001000000
869 3906 1039 3968 1100101100
1052 3905 1104 3967 elii
1119 3926 1176 3986 pro
1190 3907 1297 3985 spurie
1306 3906 1511 3980 demnerunt3
1531 3913 1637 3968 contre
1646 3907 1874 3988 Oomperettins
1885 3909 2041 3970 Beebren·

434 4002 499 4063 sius
517 4007 591 4064 ente
611 4021 716 4063 omnes
737 4001 776 4061 de
796 4001 885 4061 Vries
911 4000 1051 4062 ecerrimi
1078 3999 1173 4060 Ouidi
1200 4001 1334 4060 euctorie
1354 3999 1493 4059 uindices
1516 3999 1711 4069 exstiterunt,
1734 4018 1867 4078 quorum
1886 4001 1926 4062 de
1947 4001 2038 4063 Vries

433 4094 480 4155 ite
492 4113 543 4155 me
556 4093 745 4172 ergumentie
758 4093 859 4153 mouit
872 4098 909 4153 01
920 4093 984 4152 iem
1002 4091 1138 4152 edducer
1155 4097 1191 4150 ut
1208 4091 1331 4151 credem
1350 4109 1420 4151 eem
1437 4091 1571 4151 menime
1588 4111 1625 4152 ex
1642 4098 1730 4170 perte
1741 4093 1840 4172 ipsine
1854 4091 1950 4154 Ouidi
1963 4113 2039 4164 esse,

432 4185 519 4266 lerge
545 4191 651 4247 temen
678 4186 814 4247 Petronii
841 4189 874 4246 et
901 4184 1011 4246 seriore
1034 4203 1111 4245 00οο
1136 4183 1364 4262 interpolatum.
1412 4189 1450 4244 ut
1476 4183 1598 4262 singule
1623 4184 1730 4263 slique
1754 4184 1920 4263 ettingem,
1945 4205 2041 4264 greue

433 4278 626 4341 Ieechmenni
646 4283 863 4356 ergumentum
884 4282 991 4338 contre
1010 4275 1177 4356 epistulam
1196 4276 1302 4336 stetim
1324 4275 1475 4350 concidit;
1496 4295 1569 4336 nem
1587 4275 1771 4336 ‘Erichtho'
1793 4277 1838 4354 (0.
1861 4277 1936 4355 189)
1954 4281 2040 4359 quod

432 4389 546 4433 nomen
559 4389 668 4450 megae
682 4369 873 4431 Thescelioee
886 4366 1037 4450 epistulee
1057 4373 1164 4429 euctor
1184 4387 1220 4428 ex
1240 4367 1359 4428 Luceni
1377 4367 1538 4429 Phersslie
1558 4368 1726 4449 sumpsisse
1738 4368 1939 4430 Incbmenno
1953 4371 2042 4433 uisus

432 4467 491 4534 est,
505 4482 568 4524 non
589 4469 637 4524 est
657 4480 731 4522 uere
750 4459 849 4530 lectio.
868 4479 989 4532 uerum,
1011 4462 1096 4542 quod
1113 4460 1141 4520 F
1159 4460 1254 4521 10101
1274 4461 1383 4540 ‘Enyo
1391 4462 1410 4522 ¹.
1449 4479 1572 4521 000οι00
1594 4459 1797 4522 intolerebilis
1816 4461 2040 4543 u.118⁴post-

433 4573 529 4634 quem
544 4573 577 4615 se
591 4553 678 4615 dolor
690 4553 830 4614 inuenit’
845 4552 915 4614 tolli
928 4557 1031 4632 potest
1049 4551 1177 4633 quidem
1195 4552 1356 4614 scribendo
1370 4560 1421 4614 ‘se
1434 4552 1520 4614 dolor
1532 4552 1653 4614 inuenit
1666 4559 1830 4632 postquem
1839 4553 1858 4624 '‚
1873 4555 1927 4615 sed
1941 4555 2042 4634 figure

433 4646 573 4708 Petronii
586 4645 693 4708 stilum
706 4645 831 4716 redolet,
845 4650 878 4707 et
891 4644 1046 4706 distichon
1063 4649 1168 4706 totum
1186 4643 1394 4724 eblegendum
1414 4645 1548 4706 uidetur.
1588 4651 1706 4707 restent
1726 4646 1828 4708 feteor
1847 4647 1911 4709 ulie
1927 4667 2042 4727 magne

433 4738 615 4801 difficultate
629 4739 816 4820 expediendo
828 4737 917 4800 uelut
930 4737 1018 4800 elisio
1031 4737 1071 4799 eb
1085 4737 1199 4799 Ouidio
1212 4737 1313 4798 eliens
1327 4745 1455 4798 ‘uerum
1475 4744 1512 4798 ut
1529 4757 1632 4799 emere
1646 4738 1748 4799 sinee’
1763 4757 1792 4798 0
1809 4739 1859 4800 96.
1899 4746 2042 4803 ettamen

432 4831 510 4893 telie
532 4851 595 4893 non
620 4832 695 4892 setis
716 4851 823 4893 ceueee
844 4830 988 4892 edleture
1009 4829 1109 4900 eredo,
1132 4849 1188 4892 cur
1211 4829 1378 4909 epistulem
1400 4829 1440 4889 eb
1463 4829 1575 4891 Ouidio
1598 4830 1783 4901 0110110001,
1806 4833 2041 4895 recordantibus

432 4925 580 4985 ultimum
605 4924 705 4986 locum
730 4923 902 4986 Heroidum
926 4923 1092 5002 genuinum
1113 4922 1280 5003 epistulam
1305 4921 1449 5002 Sapphus
1471 4942 1632 5003 occupesse
1652 4924 1761 4994 uideri,
1781 4925 1933 4987 Ouidium
1956 4929 2041 4989 enim

432 5019 579 5080 ultimem
599 5021 757 5080 nominere
773 5019 856 5098 (Am.
871 5017 986 5096 1118),
1002 5017 1081 5077 hunc
1101 5035 1195 5096 quem
1215 5015 1365 5076 hebemus
1383 5015 1528 5076 ultimum
1541 5016 1641 5077 locum
1655 5037 1817 5097 occupere:
1840 5019 1920 5081 benc
1932 5025 2041 5082 notem

432 5113 531 5174 101000
555 5113 673 5174 auctori
693 5111 917 5174 Oonsoletionis
937 5109 979 5172 ed
1000 5109 1131 5179 Liuium,
1154 5108 1256 5169 Merio
1278 5107 1381 5169 Plotio
1402 5108 1566 5178 8000111011,
1587 5110 1734 5182 Ausonio,
1755 5116 1793 5171 ut
1814 5111 2043 5176 demonstreuit

432 5207 482 5268 De
501 5205 599 5276 Vries,
621 5227 651 5286 p.
674 5207 734 5266 120
752 5225 851 5286 seqq:
872 5224 940 5266 eum
962 5203 1002 5264 ed
1025 5222 1081 5262 nos
1103 5201 1263 5262 deuenisse
1283 5219 1345 5260 non
1369 5200 1428 5260 0101
1452 5203 1626 5263 recentibus
1649 5204 1862 5284 corruptisque
1884 5206 2043 5268 codicibus

433 5299 591 5370 treditem,
618 5298 701 5361 unde
725 5299 769 5360 nil
795 5298 909 5359 mirum
932 5297 1083 5358 felserum
1107 5294 1274 5356 lectionum
1298 5292 1629 5375 interpoletionumque
1650 5303 1784 5374 segetem
1804 5298 1834 5358 ei
1857 5299 2042 5362 secreuisse:

432 5391 568 5472 denique
591 5391 709 5453 nullem
733 5409 856 5453 oensem
878 5389 966 5452 reddi
989 5407 1087 5470 posse,
1109 5407 1164 5449 cur
1186 5385 1321 5466 genuine
1340 5386 1472 5466 epistule
1491 5387 1640 5468 periisset,
1660 5409 1714 5450 cur
1733 5390 1855 5470 perdite
1875 5390 1930 5452 ille
1950 5411 2042 5462 noue,
