4724 6374
366 392 418 456 582
806 385 838 454 Ρ.
865 399 978 454 OVIDI
997 387 1167 456 NASONIS
1187 403 1247 456 EX
1266 402 1391 456 I'ONTO
1414 403 1487 456 iiii.
1512 390 1558 458 JV

368 585 438 637 quae
452 569 502 621 tibi
516 568 664 645 tuintenui
676 584 742 622 cura
752 568 892 631 limentur,
905 575 939 622 ut
950 586 1043 625 omnes
1207 570 1328 622 uincitur
1338 570 1470 634 Λοινιιοις
1489 575 1613 638 testaque
1625 575 1731 638 tenipus
1743 569 1771 624 in
1782 575 1863 625 cuiue

400 635 481 687 istius
494 635 634 710 ingenium
647 634 766 702 corporis
777 650 835 687 esse
847 641 954 700 negent.
1239 642 1305 688 suut
1317 643 1375 701 tua,
1392 635 1515 700 Vestalis,
1529 637 1647 689 carmine
1657 636 1732 689 facta
1743 652 1810 690 meo.

366 705 398 752 at
408 701 432 752 si
443 716 525 816 ἣᾳοιιι
538 699 616 776 lnedi⁸
623 699 945 816 fortpneleernislffique.

366 771 1051 906 ho¹e¹¹igi²3⁰1ir⁰s⁵ioss¹iffien⁰sfflniimaginiomeomm
1120 783 1153 830 4⁰
1562 841 1633 896 vm

399 900 527 946 notitiem
540 911 601 962 pers
614 899 655 946 est
668 897 788 945 infitiata
800 908 861 944 nisi.

365 957 499 1011 inmemor
509 957 626 1018 illorum,
641 957 727 1009 uestri
739 972 792 1008 non
805 957 937 1032 inmemor
948 973 1088 1026 umquem,
1205 958 1312 1012 Littera
1321 972 1382 1011 sera
1392 955 1510 1026 quidem,
1523 957 1622 1010 studiis
1633 957 1742 1011 exculte
1753 956 1843 1022 Suilli,

398 1023 446 1091 qui
458 1023 532 1076 malo
543 1023 652 1075 solliciti
665 1028 759 1073 nostre
772 1021 879 1082 leuatis,
889 1037 946 1096 ¹ersi.
1238 1022 1291 1074 huo
1301 1028 1353 1075 tua
1364 1023 1496 1090 peruenit,
1509 1023 1556 1074 sed
1569 1023 1635 1075 milii
1645 1029 1726 1090 gruta
1737 1029 1839 1087 tamen,

365 1093 395 1140 et
406 1088 481 1154 prius
493 1088 537 1140 hic
548 1087 662 1139 nimium
675 1086 752 1138 nobis
767 1093 950 1162 conterminus
964 1085 1059 1140 Hister
1119 1101 1151 1154 45
1177 1122 1179 1135 .
1205 1103 1268 1154 qua,
1282 1087 1329 1163 pie
1339 1087 1363 1139 si
1375 1088 1459 1155 possit
1470 1104 1581 1156 superos
1593 1088 1677 1140 lenire
1689 1087 1809 1154 regendo

397 1151 427 1204 iu
438 1168 472 1205 ee
489 1157 523 1204 ιιι
535 1151 643 1204 Euxino
654 1150 688 1203 de
699 1165 773 1202 mare
786 1155 877 1201 uertet
888 1157 949 1212 iter,
1236 1159 1335 1216 gratu,
1349 1151 1469 1204 laturum
1481 1159 1509 1205 te
1520 1152 1587 1204 milii
1598 1152 1666 1204 dicis
1675 1169 1762 1220 opem.

364 1221 451 1284 utque
487 1218 615 1281 hyesteae
626 1215 739 1268 redeant
750 1213 773 1266 si
787 1219 910 1282 tempora
921 1230 1040 1282 mensae,
1205 1225 1236 1268 ut
1248 1218 1304 1292 iem
1315 1215 1355 1268 nil
1367 1225 1495 1292 praestes,
1508 1217 1592 1268 animi
1603 1233 1663 1292 sum
1675 1217 1765 1270 factus
1775 1219 1858 1273 enrici
1968 1234 1982 1289 5

396 1280 463 1333 solis
473 1281 508 1334 eil
521 1281 593 1332 ans
603 1295 698 1333 onnus
709 1285 806 1344 egetur
817 1294 912 1354 eques,
1236 1279 1344 1356 debitor
1353 1287 1382 1334 st
1393 1287 1519 1332 meritum
1532 1281 1603 1333 nelle
1612 1296 1708 1334 iuuere
1719 1299 1793 1336 uoco.

364 1361 448 1414 quem
466 1345 613 1414 quisquam
631 1350 761 1407 uestrum,
778 1359 826 1412 qur
843 1359 888 1397 nie
900 1342 1028 1399 doluistis
1040 1345 1149 1415 ademp·
1204 1345 1313 1412 inpetus
1325 1349 1453 1459 ”ipim
1463 1344 1573 1420 longum
1586 1345 1665 1396 inodo
1675 1345 1754 1422 dure}
1765 1348 1794 1401 in
1805 1363 1915 1411 aeuum

395 1415 657 1544 uguitifingratum
669 1489 722 1528 non
734 1471 888 1528 meminisse
899 1473 950 1527 sui.
1120 1489 1152 1543 5ο
1203 1409 1816 1548 ιιιέἰῗιῗιιῐιηοῗιιιῦοέἔιθιξιπιίξὶιιιῑιιὲιιιῗιῃιεοῗιιῖῗοιιιι,

1174 1530 1177 1611 l
1234 1554 1306 1615 quse
1317 1553 1423 1616 semper
1433 1545 1561 1614 maneant
1573 1537 1738 1617 inlabefacte
1749 1557 1847 1620 precor.
1953 1557 1983 1596 ro

1218 1669 1848 1788 l

1201 1748 1324 1786 cinnii.
1343 1747 1367 1783 si
1388 1747 1485 1784 eeisu
1530 1748 1574 1783 um
1601 1748 1701 1785 uuersr
1722 1749 1790 1787 usis

361 1861 464 1920 Missus
476 1881 504 1918 as
517 1833 789 1941 Euxinesquoniani,
803 1863 932 1929 Vestalis,
948 1865 984 1919 ed
996 1865 1093 1929 undus,
1200 1797 1311 1915 etdniiiii
1321 1796 1841 1938 iifflignriiinmtaetziiiestroesggnsseeffldom
1951 1877 1980 1932 ις

393 1938 425 1983 ut
437 1931 533 2008 positis
545 1930 642 1982 reddes
653 1946 713 1982 iura
723 1931 776 2006 sub
786 1946 838 1982 axe
850 1930 924 2006 locis,
1234 1933 1342 1994 praeter
1353 1925 1499 2001 fortunam,
1513 1942 1582 2003 quae
1594 1926 1661 1982 milit
1672 1943 1753 2004 caeca
1763 1927 1823 2005 fuit

359 1995 459 2063 espiers
471 2011 505 2047 en
517 2010 652 2072 praesens,
684 1994 741 2046 nali
753 2009 888 2047 iaceamus
900 2011 928 2072 in
944 2011 1019 2058 eruo,
1201 2007 1249 2044 seu
1260 2006 1347 2057 genus
1358 1997 1488 2064 excuties,
1503 1997 1609 2067 equites
1620 1991 1655 2068 ab
1666 2007 1770 2056 origine
1781 2009 1870 2060 prima

392 2075 442 2112 nec
454 2075 498 2111 me
509 2065 589 2111 testis
600 2075 653 2111 eris
664 2011 736 2111 ielse
746 2059 830 2111 solere
842 2075 926 2126 queri.
1216 2071 1319 2132 'usque
1330 2069 1377 2122 per
1388 2069 1542 2130 innumeros
1554 2071 1724 2108 inuenremnr
1733 2072 1819 2110 euris:

359 2123 473 2176 ecesdet
484 2123 545 2176 uoci
557 2129 644 2190 perte
655 2139 709 2175 non
721 2123 799 2176 irrite
810 2131 926 2187 nostrae,
1133 2137 1148 2191 5
1200 2136 1260 2173 siue
1271 2119 1341 2171 uelis
1352 2133 1401 2186 qui
1412 2119 1468 2171 siut
1480 2135 1566 2172 mores
1577 2120 1714 2187 inquirere
1724 2121 1819 2184 nostri,

392 2187 504 2256 Alpinis
515 2189 624 2240 iuuenis
636 2188 744 2264 regibus
755 2193 821 2249 orte,
835 2187 909 2240 fides.
1233 2184 1665 2262 erroremumiserodetrulrehlebe
1675 2191 1776 2238 curent
1945 2201 1981 2240 ao

358 2253 418 2320 ipse
430 2253 508 2305 uides
519 2259 592 2305 certe
603 2252 690 2368 glacie
700 2267 867 2304 concrescere
880 2252 1010 2317 Pontum,
1200 2257 1230 2302 tu
1242 2249 1323 2302 ruodo
1333 2265 1357 2301 si
1367 2249 1433 2316 quid
1445 2265 1489 2315 egi
1500 2251 1620 2316 sperabis
1631 2266 1707 2318 posse
1719 2249 1863 2317 precando,

391 2317 450 2384 ipse
462 2317 539 2370 uides
551 2317 601 2383 rigi
621 2333 637 2368 o
648 2317 753 2369 stantis
763 2317 828 2369 uina
839 2316 902 2382 gelu
912 2335 919 2378 ι
1232 2331 1300 2382 quos
1311 2313 1386 2374 eolis,
1400 2329 1481 2366 exora
1492 2315 1612 2382 supplice
1623 2331 1689 2367 noce
1699 2315 1772 2368 deos.

359 2383 417 2450 ipse
429 2382 516 2440 uides,
529 2387 642 2434 onerate
652 2381 728 2434 ferox
739 2387 773 2434 ut
783 2381 866 2434 ducat
878 2382 962 2448 Iazyx
1172 2413 1174 2418 -
1198 2380 1227 2431 di
1240 2379 1289 2431 tibi
1301 2383 1368 2430 aunt
1379 2378 1479 2431 Ceaser
1489 2378 1602 2432 iuuenis
1638 2385 1688 2432 tun
1699 2381 1813 2434 numina
1823 2378 1909 2449 pleea.

392 2463 440 2514 per
451 2447 554 2499 medies
567 2446 654 2498 Histri
666 2446 789 2513 plaustra
800 2445 933 2498 bubulcus
943 2461 1041 2515 aquas.
1118 2461 1147 2498 io
1171 2433 1174 2508 Ξ
1231 2443 1283 2495 liae
1294 2449 1366 2496 certe
1379 2442 1455 2496 nulle
1466 2449 1509 2496 est
1519 2445 1607 2497 notior
1618 2460 1666 2496 eru
1676 2445 1736 2497 tibi.

358 2511 498 2628 aspicislet
510 2511 585 2564 mitti
596 2511 647 2562 snb
657 2511 870 2628 adunckizmtlgiexierssi
876 2510 955 2575 ferro,
1170 2559 1173 2637 1
1198 2523 1252 2560 non
1264 2508 1332 2561 sinit
1342 2507 1392 2561 ille
1403 2509 1446 2560 sui
1457 2509 1685 2625 ueneshantistitis
1697 2525 1827 2626 uinquam
1944 2523 1977 2577 25

359 2581 970 2716 atgssetsuitifflacgffirflossteumfflpigeeam
985 2639 1093 2702 fuisset,
1170 2655 1172 2676 ¹
1198 2579 1602 2716 qlsssrzriimihilrgssringoerg:
1610 2581 1713 2692 iiiiii
1721 2590 1864 2716 cirurgpm

391 2720 446 2758 non
457 2705 542 2758 etiarn
554 2720 659 2772 proprio
670 2711 778 2770 cognita
790 2703 880 2756 Marte
891 2703 943 2757 tibi
958 2711 964 2757 l
1169 2689 1172 2758 l
1229 2703 1329 2755 obrute
1339 2703 1374 2755 de
1385 2703 1481 2755 mediis
1492 2703 1589 2756 cumba
1600 2710 1720 2769 resurget
1732 2719 1819 2771 aquis.

358 2769 529 2822 tenditurad
540 2769 657 2836 primurn
669 2768 812 2836 perdense
822 2767 942 2834 pericula
958 2767 1054 2836 pilum,
1115 2783 1125 2820 r
1130 2781 1143 2834 5
1169 2773 1172 2832 i
1198 2773 1264 2819 trine
1275 2784 1326 2834 ego
1337 2774 1401 2821 ture
1412 2767 1496 2820 feram
1509 2769 1609 2836 rapidis
1621 2768 1764 2821 sollemnis
1774 2767 1900 2832 liminis,

390 2834 507 2900 contigit
518 2849 552 2886 ex
563 2833 661 2886 merito
691 2833 719 2884 ui
731 2832 781 2884 tibi
793 2848 879 2900 nuper
890 2832 983 2885 honor.
1229 2839 1259 2884 et
1270 2833 1383 2884 ualeant
1394 2839 1526 2900 quantum
1538 2833 1651 2886 numine
1662 2833 1740 2886 testis
1751 2849 1804 2885 ero.
1944 2847 1978 2900 30

357 2898 395 2951 sit
406 2899 472 2952 lieet
483 2898 528 2950 hic
539 2897 645 2959 titulus,
659 2850 745 2966 piebis
757 2897 808 2950 tibi
819 2896 962 2962 fructibus,
979 2898 1084 2965 ingens,
1196 2913 1246 2950 neo
1258 2897 1310 2949 tibi
1321 2896 1355 2950 de
1367 2897 1447 2949 Pario
1457 2903 1588 2960 statuam,
1602 2897 1771 2960 Germanice,
1785 2897 1930 2966 templum.

390 2963 452 3030 ipse
462 2969 556 3016 temen
568 2963 656 3014 uirtus
667 2961 759 3014 ordine
772 2963 857 3014 maior
868 2962 928 3015 erit.
1227 2977 1361 3016 munnere
1372 2982 1378 3014 ι
1398 2962 1498 3029 carpsit
1508 2978 1572 3028 opas
1583 2961 1632 3014 ille
1642 2963 1722 3015 ruina
1733 2978 1816 3015 meas.

358 3043 412 3080 non
424 3033 508 3094 negat
519 3027 569 3079 hoc
581 3027 683 3088 Hister,
696 3026 773 3078 cuius
784 3033 834 3079 tun
844 3025 959 3080 dextme
972 3025 1110 3095 quondam
1195 3027 1301 3094 templu
1312 3026 1407 3079 domus
1418 3026 1519 3079 ferient
1530 3027 1607 3079 uobis
1619 3027 1751 3094 urbesque
1762 3027 1875 3080 beatem

390 3092 534 3159 puniceum
546 3092 643 3144 Getico
653 3091 993 3158 sanguinefecitequem:
1110 3106 1144 3144 20
1229 3091 1305 3143 Neso
1314 3091 1371 3142 suis
1382 3091 1485 3158 opibus,
1497 3091 1625 3155 carmine,
1637 3097 1732 3158 gratiis
1742 3091 1802 3144 erit.

357 3172 412 3209 non
423 3163 508 3223 negat
520 3157 642 3223 Aegisos,
656 3171 727 3232 quse
737 3161 766 3208 te
777 3156 910 3232 subeunte
924 3162 1034 3224 recepte
1196 3170 1284 3224 perne
1295 3155 1404 3224 quidem
1416 3155 1503 3208 fateor
1514 3172 1562 3223 pro
1573 3173 1617 3208 me
1627 3157 1678 3208 uiis
1689 3172 1804 3209 munera
1815 3155 1899 3218 reddi,
1942 3169 1975 3224 35

390 3222 477 3274 sensit
487 3221 516 3273 in
528 3221 637 3287 iugenio
647 3221 686 3272 nil
698 3221 756 3296 opis
767 3236 826 3273 esse
837 3219 895 3273 loci.
1229 3235 1291 3272 cuni
1303 3236 1352 3287 pro
1363 3236 1487 3273 concesse
1498 3221 1583 3272 uerba
1592 3175 1682 3274 seinte
1692 3221 1797 3273 damus

357 3301 422 3338 nam
433 3286 548 3338 dubium
560 3287 650 3352 positu
663 3284 760 3338 melius
771 3285 882 3338 defensa
894 3300 1024 3348 manuue,
1196 3284 1243 3338 sed
1256 3285 1397 3352 quiquam
1409 3285 1690 3352 potuitdetmexims,
1700 3291 1795 3353 gratus
1804 3285 1912 3340 abunde
1920 3291 1973 3351 est,

391 3351 457 3403 urbs
468 3356 528 3403 eret
539 3351 567 3402 in
580 3365 686 3402 summo
696 3349 814 3402 nubibus
877 3366 913 3402 ue
927 3350 999 3418 iugo.
1229 3355 1258 3402 et
1270 3349 1350 3402 finem
1363 3350 1451 3418 pietas
1462 3350 1578 3416 contigit
1588 3349 1637 3402 illa
1647 3366 1736 3402 suum.

358 3415 484 3468 Sithonio
496 3415 553 3482 regi
564 3414 637 3467 ierus
649 3414 750 3466 interca
785 3421 827 3466 ret
838 3414 858 3466 il
869 3431 914 3467 arn
1111 3426 1142 3480 25
1197 3431 1246 3467 nec
1259 3429 1330 3481 quea
1341 3414 1375 3466 de
1386 3430 1471 3482 perne
1518 3430 1585 3481 uper
1595 3413 1638 3466 dis
1648 3414 1719 3467 libet
1729 3429 1823 3468 acerra

391 3480 478 3532 liostis
489 3487 518 3532 et
529 3485 636 3546 ereptas
648 3481 735 3531 uictor
764 3479 864 3531 abebet
875 3495 962 3547 epesi
1229 3493 1293 3531 tura
1303 3478 1393 3531 minus
1489 3495 1593 3546 iqusni
1603 3478 1670 3532 data
1680 3479 1757 3532 leuce
1769 3478 1872 3532 ualent
1940 3495 1976 3545 40

356 3545 443 3598 donec
454 3544 584 3596 fluminea
595 3543 709 3596 deueets
721 3543 849 3596 Vitellius
860 3543 937 3599 unde
1196 3559 1322 3610 agnaque
1334 3549 1390 3596 tam
1413 3549 1505 3596 ectens
1535 3559 1597 3596 uam
1609 3543 1731 3610 gramine
1742 3551 1823 3612 peste
1834 3543 1942 3598 Feliseo
2038 3603 2041 3606 Α

390 3608 487 3661 intulit
498 3609 622 3676 exposito
634 3608 721 3660 milite
732 3609 811 3674 signa
822 3609 907 3661 Getis.
1229 3609 1344 3661 uictima
1357 3607 1484 3684 Tarpeios
1495 3608 1523 3660 in
1544 3608 1582 3660 cit
1593 3609 1649 3661 iota
1659 3608 1739 3660 foces.

357 3677 388 3726 et
399 3673 460 3735 tibi,
474 3674 614 3751 progenies
625 3673 676 3725 elti
687 3673 835 3726 fortissime
847 3672 947 3736 Donni,
1196 3688 1245 3725 nee
1254 3679 1347 3725 temen
1359 3673 1445 3724 officio
1455 3677 1551 3724 netum
1562 3689 1610 3748 per
1621 3673 1741 3726 camnine
1751 3672 1825 3726 fecto

390 3737 686 3790 uenitineduersosin
722 3739 908 3791 tusireuiroa
1111 3752 1144 3804 30
1228 3735 1501 3804 principibusresest
1511 3745 1599 3804 aptior
1610 3737 1668 3789 ulle
1677 3737 1751 3792 uiris

357 3818 408 3856 nac
419 3819 503 3864 mors,
516 3803 675 3869 conspicuus
698 3819 732 3854 on
779 3803 948 3870 fulgentibus
959 3803 1052 3866 armis,
1194 3802 1317 3854 cuimine
1327 3807 1478 3854 uestrarum
1524 3807 1623 3868 regunt
1633 3801 1778 3870 praeconia
1788 3799 1910 3864 laudum,
1937 3810 1972 3866 45

390 3867 475 3919 fortia
486 3883 519 3919 ne
531 3867 635 3934 possint
647 3867 721 3919 fecta
744 3875 818 3920 atero
830 3884 920 3930 cenes,
1167 3881 1169 3905 ¹
1228 3865 1477 3919 neuesitactorum
1501 3866 1677 3919 emecudiica
1686 3873 1793 3920 cenent

358 3931 518 3998 ingentique
529 3931 614 3997 gradu
627 3938 721 3984 contre
733 3934 886 4000 ferrumque
898 3933 1043 4001 locumque
1194 3932 1313 3984 carmine
1325 3932 1357 3984 lit
1368 3931 1452 3983 niunx
1465 3930 1560 3992 uirtus,
1573 3947 1722 3999 expersque
1733 3931 1849 4000 sepulcri

390 4011 516 4063 saxaque
525 3996 641 4048 brumali
653 3997 784 4062 grendine
796 3997 875 4064 plura
885 3997 968 4049 subis
1228 3997 1356 4048 notitiam
1369 4011 1445 4050 serae
1504 3995 1622 4048 leniatis
1633 3995 1724 4050 liabst.

358 4076 409 4113 nee
420 4065 450 4114 te
461 4061 544 4112 misse
555 4076 636 4128 super
648 4061 797 4114 iaculorum
809 4061 891 4114 turba
902 4069 1032 4124 moratur,
1108 4073 1140 4127 35
1166 4071 1168 4096 ¹
1193 4060 1290 4112 tabida
1300 4061 1435 4114 consumit
1456 4075 1544 4113 errunr
1556 4059 1672 4127 lapidem
1692 4077 1727 4114 ue
1737 4065 1872 4123 uetustas,

391 4141 441 4178 nec
452 4141 523 4193 quae
535 4125 643 4202 uipereo
656 4127 712 4178 tele
722 4142 814 4178 cruore
825 4126 945 4178 madent.
1166 4129 1169 4182 Ι
1225 4126 1284 4178 null
1321 4142 1356 4179 ue
1367 4142 1410 4179 res
1421 4127 1509 4178 maius
1520 4131 1639 4201 tempore
1650 4142 1680 4177 ro
1699 4142 1731 4178 ur
1742 4125 1843 4178 habet:
1938 4135 1973 4190 5ο

358 4189 464 4258 spinule
474 4206 536 4242 oum
548 4190 628 4257 pictis
641 4191 754 4244 haerent
764 4193 793 4243 in
805 4190 909 4242 casside
921 4189 1021 4257 pinnis,
1193 4191 1294 4258 scripta
1316 4197 1397 4244 erunt
1407 4207 1500 4244 annos
1535 4190 1641 4257 scriptis
1652 4189 1859 4258 Agamemnone
1869 4189 1950 4252 nosti,

391 4270 508 4322 peraque
520 4255 576 4306 fere
588 4257 659 4308 scuti
671 4256 784 4332 uulnere
792 4253 869 4332 nulle
879 4260 969 4330 uacat
1165 4273 1168 4320 ι
1226 4263 1254 4332 et
1285 4256 1389 4323 uisquis
1400 4262 1495 4309 contra
1505 4254 1549 4307 uel
1561 4255 1814 4332 sinrnlermetulit

358 4319 974 4438 ”utilitititlttttltt‘itii
1106 4399 1140 4448 40
1164 4343 1167 4438 ἓ
1192 4319 1946 4453 ‘¹⁰33,tinnieruntfttniiffltiit‘i

365 4448 515 4526 tulisnepnd
528 4450 637 4502 'lboieiu
649 4449 753 4526 Danais
764 4465 812 4526 pro
822 4447 940 4501 nauibus
950 4447 1025 4500 Aiax
1165 4444 1166 4450 '
1192 4448 1221 4501 di
1232 4464 1340 4516 quoque
1351 4450 1523 4511 carminibus,
1536 4401 1614 4502 eiius
1625 4455 1669 4526 est
1678 4449 1774 4513 dicere,
1787 4448 1867 4512 fiunt,
1937 4457 1968 4513 55

391 4513 492 4566 dicitur
504 4514 652 4567 Hectoreas
663 4519 824 4566 sustinuisse
834 4513 915 4566 feces
1225 4520 1358 4581 tantaque
1368 4513 1497 4567 maiestas
1508 4531 1553 4566 ore
1563 4519 1686 4566 cenantis
1696 4517 1765 4581 eget

358 4583 390 4630 ut
402 4579 525 4646 proprius
536 4584 650 4632 uentum
662 4584 704 4631 est
714 4578 879 4645 edmotuque
890 4577 1005 4631 dextera
1014 4576 1137 4641 dextrae,
1192 4578 1231 4631 sic
1242 4578 1324 4631 cliuos
1335 4594 1369 4632 ex
1380 4577 1430 4632 ille
1441 4585 1554 4632 naturae
1565 4578 1636 4632 mole
1647 4578 1741 4646 prioris

391 4644 557 4710 reeqrrefero
568 4643 893 4712 potuitcomminusense
903 4643 969 4709 geri,
1164 4644 1167 4706 l
1224 4641 1360 4707 digestum
1373 4651 1464 4712 pentes
1474 4643 1573 4696 seimus
1584 4643 1776 4696 haberesuasr

358 4706 446 4760 dicere
458 4707 566 4761 difficile
578 4715 621 4760 est
651 4707 698 4760 uid
710 4708 786 4760 Mers
796 4714 889 4760 tunse
924 4705 1050 4768 ritillic‚'
1105 4721 1137 4774 ⁴5
1164 4721 1166 4731 ·
1192 4707 1231 4759 sie
1241 4707 1412 4762 adfectantes
1423 4708 1551 4762 caelestis
1561 4724 1643 4771 regna
1654 4707 1788 4774 Gigantas

390 4779 511 4840 quotque
522 4772 612 4825 necid
647 4772 699 4824 eris
710 4788 831 4840 quosque
842 4772 890 4839 qui
911 4788 996 4839 usque
1007 4771 1103 4824 modis.
1164 4776 1166 4825 Ι
1224 4771 1259 4824 ad
1272 4773 1358 4840 Styga
1369 4773 1510 4826 nimbifero
1521 4771 1637 4825 uindiois
1648 4772 1710 4840 igne
1722 4771 1818 4824 datos:
1935 4771 1970 4825 60

358 4853 422 4890 ense
434 4844 483 4889 tuo
494 4838 581 4890 fectus
592 4837 716 4889 calcabas
727 4837 814 4889 uictor
825 4852 946 4898 aceruos,
1164 4854 1166 4887 i
1191 4837 1230 4888 sic
1243 4837 1331 4889 uictor
1343 4837 1451 4891 laudern
1463 4837 1595 4915 superatis
1607 4836 1687 4890 Liber
1697 4835 1734 4890 ab
1746 4834 1831 4899 Indis,

391 4903 563 4970 inpositoque
574 4901 658 4954 Getes
668 4902 720 4953 sub
731 4901 798 4968 pede
809 4901 914 4953 multus
924 4905 991 4954 eret.
1164 4896 1166 4936 l
1224 4900 1335 4954 Alcides
1347 4909 1428 4970 eapte
1438 4907 1524 4956 traxit
1534 4901 1570 4954 eb
1581 4901 1717 4954 Oechalia.

358 4965 1038 5099 multitudistinxistis&
1106 5043 1139 5097 50
1191 4963 1858 5098 ‘iutuitu‘ittiiinifflifffl
1871 4961 1965 5030 ’Μ’

357 5095 406 5150 sed
417 5101 526 5150 tentum
538 5095 628 5148 uirtus
638 5095 707 5147 elios
718 5101 769 5148 tue
779 5069 908 5162 prr’seteiit
919 5111 1021 5159 omnes,
1191 5095 1215 5147 si
1226 5095 1293 5162 quid
1304 5095 1394 5148 adhuc
1404 5049 1488 5163 igitur
1498 5095 1565 5154 uiui,
1578 5095 1746 5156 Gernieniee,
1759 5099 1852 5148 ιιοιιιο
1932 5095 1966 5162 65

390 5168 456 5215 ente
466 5162 535 5215 citos
546 5165 682 5229 quantuni
694 5159 814 5228 Pegasus
825 5160 885 5213 ibat
895 5176 987 5228 equos.
1224 5165 1311 5213 restat
1322 5160 1350 5213 iu
1362 5161 1478 5228 ingenio,
1491 5161 1591 5214 seruiet
1601 5176 1680 5213 omne
1691 5159 1750 5212 tibi
1803 5161 1806 5168 ⁴

359 5343 363 5352 .
415 5301 462 5351 VH
476 5305 492 5350 t
507 5303 584 5360 Iecur
599 5298 708 5373 liei-ule¹
718 5303 785 5386 iobis
800 5301 889 5350 similis
905 5301 975 5350 codd.
1007 5303 1037 5348 ic
1047 5301 1158 5350 tenditur
1173 5302 1266 5362 scripsi,
1279 5303 1379 5352 kindins
1393 5301 1472 5360 codd..
1484 5301 1549 5350 unde
1559 5302 1635 5351 tandit
1646 5297 1830 5360 irOberlinlse.
1842 5299 1918 5360 liare,
1929 5297 1963 5349 ef.

356 5361 661 5482 annmnigii
670 5361 838 5469 ‘iffirffi
847 5360 904 5466 efir1
914 5361 1003 5480 {iiviris
1018 5361 1332 5481 ffsiffi”ffisffii⁰f'
1348 5361 1424 5468 liiii
1433 5363 1477 5468 1¹⁶⁸*
1477 5361 1654 5471 iiiiii''irenei-'f1
1655 5359 1967 5472 anamim}

356 5483 491 5536 umisa
500 5480 533 5530 ui
543 5481 614 5541 rmp.
627 5479 665 5528 iv
676 5481 696 5530 1.
709 5481 745 5529 οι.
