4976 6356
398 421 449 474 viii
806 427 862 479 AD
883 427 1090 484 LECTOREM
1109 430 1355 489 BENEVOLVM
1373 432 1592 488 PRAEFATIO

398 585 547 694 peglectis
560 589 626 654 siue
639 591 700 655 alia
709 613 919 676 quaecumque
931 595 972 658 ab
985 615 1093 660 eorum
1107 599 1162 680 qui
1176 599 1432 682 deprehenderint
1444 601 1658 664 beneuolentis
1670 601 1806 682 petimus
1814 605 1853 662 ut
1865 601 1956 663 nobis
1968 617 2006 663 ea

381 731 384 742 .
398 679 545 744 inducent.
580 702 650 746 nam
665 687 812 766 perducto
825 687 866 749 ad
878 689 971 751 tinem
988 693 1074 770 operi
1089 694 1274 773 paginarum
1288 695 1408 775 aliquot
1420 694 1619 775 appendicem
1633 694 1770 762 subicere
1783 694 1818 756 in
1830 694 1935 756 animo
1948 699 2005 763 est,

358 851 360 864 .
398 789 541 854 quocum
552 782 652 840 cetera
661 798 739 859 quae
749 799 826 860 opus
838 781 880 842 sit
893 782 1094 860 corrigantur,
1105 791 1175 847 tum
1187 787 1277 850 bonis
1290 787 1474 850 lectionibus
1484 787 1550 851 siue
1560 787 1650 850 nouis
1661 787 1728 850 siue
1740 787 1838 850 etiam
1847 785 2005 849 ueteribus

399 883 475 928 suus
488 867 613 932 tandem
626 871 732 942 honor,
746 892 821 934 suus
834 880 942 935 auctor
953 875 1110 940 reddatur.

478 958 534 1067 De·
542 962 759 1045 orthographia
777 984 871 1044 quam
889 965 1007 1039 dicunt,
1020 987 1063 1041 re,
1077 969 1260 1045 mehercule,
1275 971 1366 1055 siqua
1384 971 1453 1048 alis,
1466 974 1617 1058 impedita
1634 979 1727 1057 atque
1744 970 1872 1044 incerta,
1885 971 2005 1035 tutissi-

397 1069 486 1156 mum
502 1072 606 1115 ursum
623 1062 671 1118 est
688 1058 917 1120 consulentibus
929 1059 975 1120 ita
987 1061 1021 1121 in
1033 1063 1216 1128 uniuersum
1234 1067 1428 1148 respondere,
1443 1089 1542 1152 praua
1560 1069 1686 1133 omnino
1706 1067 1851 1139 eicienda.
1870 1066 2006 1129 sinceras

398 1145 595 1223 antiquitatis
613 1165 686 1209 uera
702 1150 836 1228 uestigia
852 1156 909 1212 ant
927 1154 1079 1216 seruanda
1097 1165 1153 1219 aut
1171 1166 1253 1222 certe
1270 1179 1334 1224 non
1352 1163 1525 1227 occulenda.
1565 1183 1639 1226 nam
1651 1162 1718 1225 lieri
1731 1181 1822 1242 posse
1835 1167 1874 1223 ut
1886 1176 2007 1239 semper

398 1237 582 1299 uocabulum
599 1239 681 1301 idem
697 1241 803 1303 eodem
819 1242 911 1304 modo
927 1244 1114 1311 scriberetur
1126 1259 1183 1313 aut
1200 1259 1239 1314 nt
1256 1254 1434 1316 auctoribus
1452 1273 1510 1316 sua
1524 1255 1635 1335 cuique
1653 1252 1808 1316 scribendi
1820 1252 1900 1314 ratio
1918 1251 2005 1313 redo-

398 1335 534 1402 naretur,
547 1351 586 1394 ne
598 1335 680 1394 uotis
694 1333 819 1414 quidem
833 1335 1011 1418 lingendum
1025 1347 1100 1404 crat.
1137 1344 1278 1407 codicum
1291 1345 1439 1418 leuitatis,
1453 1347 1606 1410 editorum
1618 1346 1842 1408 inconstantiae
1854 1345 1888 1405 in
1901 1343 1960 1406 hac
1973 1362 2007 1404 rs

397 1441 496 1484 unum
509 1423 697 1506 adponemus
711 1427 937 1493 documentum.
971 1431 1096 1498 Lucreti
1110 1433 1230 1500 codices
1242 1438 1326 1500 intra
1339 1440 1417 1501 duos
1431 1440 1557 1520 quidem
1570 1459 1679 1502 uersus
1695 1439 1740 1518 (V
1755 1437 1824 1509 714.
1839 1436 1914 1515 715)
1929 1434 2005 1498 ‘lin-

397 1519 551 1597 quontur'
565 1523 598 1580 et
610 1519 800 1582 ‘lincuntur'
814 1523 979 1604 praebent;
1000 1533 1170 1610 utrumque
1183 1530 1323 1613 adripuit
1336 1531 1553 1595 Iachmannus
1569 1552 1661 1614 quem
1681 1531 1779 1595 secuti
1797 1537 1873 1592 sunt
1890 1529 2007 1592 Munro

395 1616 428 1718 et
443 1609 579 1718 lirieger.
621 1613 674 1675 scd
686 1613 848 1680 Lucretius
860 1616 940 1681 illud
956 1619 1090 1702 scripsit,
1104 1621 1164 1686 hoc
1176 1643 1217 1686 ne
1229 1624 1334 1706 potuit
1347 1625 1474 1706 quidem
1488 1626 1628 1697 seribere,
1641 1625 1702 1686 nisi
1717 1626 1799 1686 forte
1811 1622 1905 1687 homo
1919 1642 2006 1702 saga·

395 1722 546 1777 orssrrnus,
561 1725 623 1786 qno
636 1707 727 1771 modo
741 1709 861 1773 saecrrlo
873 1717 944 1792 post
957 1712 1056 1794 ipsius
1076 1723 1210 1779 mortem
1224 1717 1417 1791 scriberetur,
1428 1718 1537 1782 diuina
1550 1725 1653 1781 mente
1665 1718 1830 1800 prospexit.
1872 1716 1931 1779 hoc
1943 1737 2007 1780 non

393 1814 430 1859 so
443 1795 512 1858 dico
525 1817 587 1878 quo
600 1797 669 1861 illos
678 1819 730 1862 nu.
739 1801 790 1863 dd
799 1803 960 1882 exagitem,
972 1807 1027 1885 qui
1038 1827 1101 1870 non
1112 1808 1146 1870 id
1155 1810 1291 1890 agebant
1302 1817 1341 1873 ut
1354 1811 1395 1874 ad
1407 1831 1549 1874 normam
1562 1813 1718 1893 quandam
1732 1810 2007 1892 grammaticorum

394 1887 584 1970 quadrarent
601 1893 713 1963 omnia,
727 1893 781 1956 sed
796 1901 833 1959 ut
850 1895 993 1958 ueritatis
1011 1905 1103 1981 rapta
1124 1903 1278 1982 quaedam
1297 1909 1448 1986 tanquam
1466 1924 1504 1967 ex
1521 1904 1685 1986 naufragio
1701 1904 1806 1965 frusta
1822 1902 1914 1966 nobis
1935 1909 2008 1965 anta

392 1981 498 2045 oculos
515 1991 726 2065 proponerent,
739 2006 848 2050 uerum
861 1994 900 2050 ut
912 1988 975 2052 illis
989 1993 1126 2072 quodam
1144 1995 1237 2057 modo
1252 1996 1443 2059 satisfaciam
1457 1997 1513 2078 qui
1525 1997 1558 2059 in
1571 1996 1628 2059 tali
1642 2017 1674 2059 re
1687 1995 1800 2058 uolunt
1812 2015 1879 2058 esse
1893 1994 2006 2058 seueri·

392 2092 469 2137 oras.
495 2077 664 2158 quidquod
676 2079 761 2142 haud
774 2100 844 2144 raro
853 2082 922 2162 ipsa
934 2102 1037 2146 secum
1049 2092 1171 2166 pugnat
1181 2087 1378 2169 antiquitas?
1399 2109 1441 2151 an
1451 2092 1615 2170 Augustus
1626 2089 1814 2152 ‘claussnm'
1825 2086 2007 2159 ‘clausum',

393 2167 608 2232 ‘immortalis’
618 2172 804 2245 ‘inmissus’,
816 2175 1013 2255 ‘nunquam'
1026 2182 1208 2260 tuumque,
1218 2182 1315 2242 etiam
1329 2181 1446 2262 ‘pluris
1459 2182 1605 2246 minores'
1617 2183 1677 2261 (ras
1690 2187 1785 2263 gestae
1797 2181 1866 2243 diui
1878 2183 2009 2262 Augusti

391 2260 439 2323 ed
454 2261 510 2322 Th.
525 2261 698 2328 Mommsen
714 2285 744 2346 p.
760 2267 833 2346 146)
848 2266 1008 2348 lapidibus
1025 2270 1113 2332 nullo
1132 2272 1309 2336 discrimine
1326 2275 1531 2356 insculpenda
1547 2277 1685 2348 curauit;
1706 2281 1744 2336 tu
1762 2294 1800 2336 ex
1818 2273 2008 2336 membranis

391 2359 464 2436 post
482 2354 569 2418 mille
588 2376 685 2420 annos
705 2360 744 2421 ab
764 2359 942 2423 hominibus
962 2360 1096 2425 indoctis
1118 2365 1334 2430 semidoctisue
1354 2367 1489 2429 exaratis
1511 2368 1644 2430 Horatio
1665 2365 1788 2429 Tibullo
1810 2366 1925 2429 Ouidio
1945 2385 2007 2446 quo

391 2446 484 2510 modo
496 2449 631 2532 quidque
646 2453 780 2516 scribant
797 2453 973 2534 imperabis,
988 2474 1059 2516 cum
1077 2455 1203 2518 diuema
1222 2459 1433 2521 statuentibus
1451 2459 1614 2538 iurgabisl'
1633 2459 1719 2521 haud
1736 2458 1880 2540 equidem
1893 2457 2007 2519 faciam

390 2558 491 2622 neque
504 2560 599 2622 quam
612 2543 645 2605 in
658 2545 778 2624 magnis
791 2546 884 2607 rebus
896 2545 976 2608 uiris
989 2545 1089 2610 doctis
1103 2549 1249 2620 concessi,
1260 2550 1295 2611 in
1307 2550 1481 2612 minoribus
1494 2550 1623 2632 eripiam
1635 2550 1822 2613 libertatem.

471 2631 564 2695 Nunc
584 2633 667 2704 illud,
686 2637 811 2699 relicum
834 2643 883 2700 est
905 2644 943 2700 ut
964 2639 1194 2704 sciscitantibus
1216 2643 1458 2723 respondeamus
1479 2663 1559 2724 quae
1581 2643 1764 2722 magnitudo
1787 2643 1882 2704 huius
1906 2641 2007 2723 operis

389 2725 499 2787 futura
512 2725 554 2788 sit
567 2746 685 2808 quaeue
698 2734 839 2792 ueterum
854 2729 971 2810 scripta
983 2750 1020 2794 eo
1034 2731 1191 2796 includere
1208 2735 1409 2798 destinemus.
1450 2735 1665 2816 magnitudine
1683 2754 1807 2816 corpore
1820 2735 2007 2798 Weberiano

389 2819 476 2881 haud
488 2819 589 2881 multo
602 2821 730 2884 inferior
745 2821 814 2886 erit.
856 2842 893 2886 ex
911 2824 1036 2887 duobus
1054 2826 1212 2889 constabit
1230 2827 1333 2900 tomis,
1351 2833 1506 2889 tomorum
1526 2847 1595 2890 cum
1613 2827 1706 2908 prior,
1719 2833 1787 2887 turn
1806 2826 1957 2906 posterior
1969 2844 2007 2888 ex

388 2912 472 2974 binis
484 2918 615 2994 uterque
628 2914 791 2978 fasciculis.
831 2917 1018 2998 paginarum
1032 2918 1125 2981 series
1141 2921 1328 3002 numerique
1340 2921 1615 2990 continuabuntur,
1628 2925 1665 2980 ut
1682 2915 1861 2980 absolutum
1879 2917 2007 2980 demum

389 3022 468 3086 opus
478 3003 573 3067 unius
582 3006 751 3070 uoluminis
761 3009 860 3071 instar
869 3009 993 3072 habeat.
1028 3017 1191 3092 poetarum
1204 3011 1418 3074 Romanorum
1430 3013 1543 3092 scripta
1555 3012 1609 3073 illa
1619 3011 1744 3074 inerunt
1754 3029 1834 3090 quae
1843 3009 2006 3072 hominum

387 3099 499 3162 harum
522 3097 697 3163 litterarum
725 3121 893 3181 gnarornrn
917 3101 1170 3166 studiosorumue
1193 3105 1364 3166 cottidiano
1389 3125 1452 3166 usn
1471 3110 1623 3166 teruntur.
1664 3104 1765 3174 inerit,
1791 3103 1880 3164 uerbi
1903 3121 2006 3172 causa,

387 3191 507 3273 Vergili
521 3213 601 3276 quae
615 3193 760 3256 dicuntur
772 3193 911 3257 carmina
922 3194 1053 3266 minora,
1064 3216 1127 3258 non
1141 3197 1235 3258 inerit
1249 3195 1286 3274 Q.
1302 3197 1408 3259 Sereni
1423 3196 1609 3258 Sammonici
1623 3196 1696 3256 liber
1712 3193 1900 3255 medicinalis
1913 3211 2006 3272 quae·

388 3305 450 3366 que
462 3287 524 3350 alia
537 3289 571 3350 id
584 3306 681 3368 genus
694 3286 745 3349 uel
758 3307 821 3349 non
835 3285 937 3350 multo
953 3287 1138 3370 pretiosiora
1156 3287 1317 3350 Baehrens
1335 3289 1370 3350 in
1386 3288 1452 3351 suis
1465 3289 1562 3369 poetis
1578 3288 1699 3350 Laicis
1716 3285 1881 3346 mirabor
1901 3285 2007 3363 (annis

388 3377 578 3460 1870-1883)
593 3379 686 3442 tornis
699 3379 835 3461 quinquo
848 3378 987 3443 conlecta
1000 3378 1107 3443 edidit.
1209 3387 1213 3396 '

472 3558 509 3637 Q.
518 3557 629 3623 ENNI
638 3557 806 3622 Annalium
816 3565 848 3624 et
864 3559 1048 3624 Saturarum
1064 3559 1215 3644 reliquias
1229 3559 1395 3626 chtssrs
1405 3558 1570 3624 hdrsnnna
1579 3557 1619 3624 ad
1627 3577 1767 3622 normam
1776 3554 1921 3621 editionis
1931 3575 2007 3620 suae

388 3673 416 3716 a.
431 3653 510 3716 1885
524 3655 558 3716 in
570 3653 672 3716 lucem
686 3654 776 3716 datae
790 3653 923 3716 mutatis
936 3655 1100 3736 perpaucis
1118 3657 1295 3731 recensuitr
1320 3658 1358 3720 de
1372 3656 1489 3738 quibus
1502 3674 1581 3735 quas
1593 3651 1805 3715 admonendus
1819 3657 1886 3712 erat
1899 3649 2005 3720 lector,

386 3752 498 3826 rogatu
512 3745 612 3828 ipsius
625 3766 661 3808 ex
675 3745 866 3827 praefatione
885 3746 972 3808 illius
988 3747 1135 3811 editionis
1151 3749 1392 3830 desumpsimus.
1434 3767 1470 3810 ac
1489 3747 1590 3826 primo
1608 3744 1734 3825 quidem
1746 3742 1813 3804 loco
1827 3761 1898 3805 cum
1912 3742 2006 3803 multi

386 3839 451 3900 sint
464 3839 628 3919 scriptores
642 3838 697 3919 qui
712 3837 795 3899 Enni
809 3857 920 3900 uersus
933 3838 1143 3910 laudauerint,
1161 3859 1267 3902 eorum
1283 3859 1362 3920 quos
1380 3839 1497 3902 codices
1515 3837 1711 3918 potissimum
1729 3836 1779 3896 uir
1793 3835 1902 3896 doctus
1916 3834 2005 3896 adhi-

386 3930 489 3993 buerit
502 3931 678 4012 quibusque
692 3930 787 4009 signis
800 3931 839 3993 ad
851 3949 904 3993 eos
918 3929 1101 3993 indicandos
1110 3931 1276 3993 breuitatis
1287 3951 1381 3994 causa
1388 3950 1465 3992 usus
1479 3931 1529 4000 sit,
1540 3929 1637 4010 ipsius
1646 3929 1749 3990 uerbis
1759 3925 1923 4009 paululum
1934 3946 2005 3989 oon·

384 4021 740 4085 tractisdeclarabimus.
1163 4097 1172 4108 .

467 4121 486 4148 ⁴⁴
495 4113 537 4175 In
553 4113 702 4176 &cono
715 4113 837 4194 scriptis
846 4113 865 4144 ’'
877 4113 982 4194 inquit
993 4124 1010 4150 “
1020 4114 1070 4177 uei
1084 4135 1194 4178 sumus
1204 4114 1405 4196 potissimum
1416 4112 1522 4177 Orellii
1533 4111 1709 4193 Baiterique
1722 4117 1754 4174 et
1763 4107 1884 4172 Halmii
1898 4110 2004 4191 copiis.

384 4205 418 4267 in
429 4205 518 4268 libris
527 4205 682 4266 rhetoricis
694 4225 773 4287 quse
786 4206 819 4266 in
830 4212 984 4286 apparatu
995 4207 1101 4269 critico
1112 4228 1132 4269 a
1144 4227 1196 4269 me
1207 4207 1384 4269 afferrmtur
1397 4226 1434 4268 ex
1448 4204 1555 4269 Orellii
1568 4205 1699 4267 editione
1713 4202 1812 4264 altera
1824 4209 1857 4264 et
1869 4201 2005 4264 Vahleni

384 4319 422 4362 ex
445 4297 526 4361 libro
550 4299 745 4379 potissimum
767 4305 843 4360 sunt
866 4299 974 4378 petita
1019 4307 1178 4378 praeterea
1201 4298 1388 4362 Francisous
1411 4297 1561 4361 Ruehlins
1583 4296 1670 4357 misit
1690 4295 1780 4356 nobis
1800 4301 1945 4374 excerpts
1967 4312 2006 4358 ex

385 4391 489 4455 codice
502 4390 672 4454 Harleiano
685 4391 834 4453 librorum
848 4391 886 4451 dc
899 4397 1021 4454 more.
1065 4393 1100 4453 in
1113 4391 1202 4454 libris
1215 4393 1252 4453 de
1266 4392 1456 4454 arescusae
1469 4391 1649 4472 compendia
1661 4388 1802 4452 adhibita
1813 4387 1908 4451 haec:

629 4521 660 4584 A
702 4517 845 4600 Iargdnn.
866 4519 959 4582 Voss.
981 4519 1029 4582 84
1353 4517 1382 4581 B
1422 4519 1564 4600 Lugdnn.
1585 4518 1675 4582 Voss.
1697 4517 1746 4580 86.

630 4611 664 4674 Η
704 4613 847 4692 Lugdun.
869 4610 982 4676 Heins.
1004 4612 1073 4675 118.
1353 4610 1385 4672 V
1424 4611 1678 4674 Vindobonenais.

468 4743 509 4806 In
537 4741 628 4808 ceute·
650 4740 738 4805 libris
758 4761 828 4805 cum
847 4741 900 4804 hic
920 4741 985 4804 illie
1011 4741 1157 4804 haberem
1179 4746 1325 4822 suspecta
1344 4738 1478 4802 Vahlcni
1497 4739 1718 4821 Ribbeclriique
1742 4738 1929 4813 testimonia,
1954 4737 2000 4806 Μ.

384 4837 536 4900 Hertrius
558 4834 709 4898 nonnulla
728 4836 767 4898 de
791 4835 905 4917 quibus
930 4833 1123 4898 dubitassem
1148 4835 1305 4916 quomodo
1324 4833 1496 4914 perscripta
1515 4839 1616 4895 essent
1636 4833 1669 4893 in
1689 4832 1754 4894 suis
1773 4833 1930 4896 codicibus
1951 4855 2003 4898 me

384 4929 502 4992 docuit.
530 4925 656 4990 interim
669 4928 785 5008 prodiit
798 4927 945 4990 editionis
961 4926 1054 4989 Gellii
1068 4927 1256 5008 scriptorum
1268 4925 1324 4987 diu
1338 4931 1529 5003 exspectatae
1540 4943 1612 5003 pars
1625 4924 1718 5004 prior,
1732 4941 1796 5005 qna
1807 4942 1872 4986 non
1884 4926 2002 4988 medio·

384 5023 480 5084 ariter
501 5021 602 5083 adiuti
622 5039 738 5082 sumus.
772 5019 892 5101 reliqua
909 5039 947 5080 ex
969 5019 1131 5083 Ribbeckii
1145 5018 1344 5099 Vahlenique
1358 5022 1483 5096 sumpta
1495 5035 1560 5078 esse
1572 5013 1659 5078 libris
1677 5022 1709 5076 et
1727 5017 1840 5077 horum
1860 5023 2002 5081 constare

383 5115 448 5178 lide
461 5114 639 5177 tenendum.
679 5119 712 5176 et
723 5113 758 5174 hi
771 5113 896 5194 quidem
910 5111 1108 5192 potissimum
1122 5111 1240 5174 codices
1253 5112 1343 5172 inere
1355 5108 1555 5188 respiciendi:

467 5205 739 5270 Rottendorfianns
777 5209 868 5285 (saec.
907 5204 1004 5280 XII).
1061 5203 1225 5266 Parisinus
1264 5204 1357 5281 (saec.
1396 5197 1504 5278 XIII).
1559 5199 1728 5261 Vaticanus
1764 5201 1855 5278 (saec
1884 5197 1999 5283 xm).

383 5301 553 5364 Beruensis
582 5301 673 5378 (saec.
695 5299 786 5380 ΧΠ).
816 5298 1036 5379 Lugdunensis
1062 5298 1166 5378 (Voss.
1190 5296 1291 5358 maior
1317 5313 1394 5356 saec.
1419 5291 1521 5370 XTV).
1563 5291 1740 5363 Vaticanus,
1764 5293 1820 5372 qui
1843 5293 1918 5354 olim
1936 5295 2002 5356 init

383 5393 563 5456 christinae
587 5395 678 5470 (saec.
700 5392 756 5469 X).
814 5393 987 5454 Vossianus
1007 5391 1109 5453 minor
1132 5391 1226 5469 (saec.
1249 5388 1306 5468 X).
1364 5385 1554 5447 Petsuianus
1598 5386 1688 5462 (saec.
1716 5384 1811 5462 XII).
1866 5385 2000 5465 Maglia·

383 5483 569 5548 becchianus
584 5487 671 5563 (saec
688 5485 772 5564 XV).
